3292 5575
361 713 448 774 exin*
606 705 671 770 Dr:
701 703 887 770 Marius
922 703 1137 770 COMICIS.

357 891 424 953 doe
436 907 524 954 voees
533 889 573 950 ad
584 890 692 971 pedem
704 889 792 951 ἰιιιιιιι
804 889 989 952 efficiendum
1002 897 1219 951 oononrrerent
1244 887 1394 962 ‚Licenti-

355 993 443 1073 hojus
465 1014 556 1054 unam
577 994 755 1074 exemplum,
782 995 836 1057 sed
852 997 968 1076 insigne
982 995 1140 1058 admodum
1153 995 1231 1055 dabo
1244 1014 1283 1056 ex
1297 996 1394 1057 Plauti

359 1097 538 1158 Trinummo.
551 1098 594 1158 11.
607 1099 634 1159 1.
649 1102 718 1165 172.

513 1228 587 1286 Qnoe'
596 1245 670 1292 ιηιο
679 1229 766 1279 lsi-tam
775 1247 818 1279 nse
827 1249 846 1280 ε
855 1233 914 1280 laeta
924 1235 980 1280 ebat
988 1255 999 1269 ·
1009 1239 1084 1281 tanen
1094 1231 1146 1281 il=li
1157 1231 1243 1282 minat.

355 1342 385 1400 in
398 1341 456 1402 boc
468 1361 553 1402 versu
567 1342 656 1402 cuivis
668 1341 852 1403 manifestam
866 1355 910 1405 est
920 1346 992 1404 duos
1006 1363 1069 1406 esse
1084 1345 1176 1423 pedes
1190 1344 1325 1418 creticos,
1340 1347 1392 1407 sed

357 1447 407 1528 qui
420 1448 601 1528 dactylorum
612 1449 700 1528 plane
717 1449 815 1508 vicarii
828 1460 906 1510 sunt.
925 1449 1075 1509 innumera
1088 1460 1155 1509 sunt
1168 1449 1293 1510 lieentioe
1310 1451 1394 1526 hujus

356 1551 435 1631 apud
449 1551 527 1611 illum
540 1554 693 1632 exempla3
713 1571 770 1613 nec
793 1571 888 1632 penca
907 1553 938 1612 in
958 1553 1105 1626 Terentio,
1130 1553 1201 1613 lieet
1220 1553 1286 1628 hac,
1310 1564 1392 1615 utet

356 1655 418 1717 aliis
431 1657 495 1717 lere
507 1659 648 1730 omnibus,
662 1659 767 1719 Plauto
780 1660 868 1738 longe
881 1657 994 1738 parolus
1008 1667 1123 1728 utatur;
1143 1659 1222 1738 quod
1236 1658 1310 1718 inter
1322 1679 1393 1738 pres-

356 1760 457 1840 cipuas
472 1761 601 1822 Terentii
613 1763 715 1824 laudes
735 1763 841 1823 merito
858 1762 1069 1822 recensendum
1083 1773 1137 1836 est,
1152 1762 1202 1843 qui
1217 1763 1347 1843 quemvis
1360 1763 1391 1822 in

354 1863 486 1938 licentiis,
510 1867 570 1928 sive
592 1887 690 1928 earum
712 1887 862 1928 numerum
877 1867 937 1926 sive
962 1885 1071 1946 genera
1083 1877 1208 1946 spectes,
1222 1867 1393 1928 adhibendis

355 1981 415 2031 tam
429 1955 595 2051 parum'sibi
614 1973 773 2046 indulserit,
796 1991 958 2033 sermonem
971 1982 1070 2032 tamen
1090 1981 1172 2032 tanta
1195 1985 1257 2033 erte
1281 1985 1392 2057 tempe·

355 2076 437 2147 ravit,
456 2086 490 2135 ut
514 2077 648 2137 Plautino
669 2078 763 2137 minus
786 2088 927 2156 assurget,
953 2088 984 2137 et
1006 2077 1174 2158 pedestrem
1197 2077 1393 2156 multomagis

354 2179 472 2242 referat.
479 2181 539 2264 sed
550 2182 587 2242 de
600 2183 644 2241 bis
657 2183 807 2244 hactenus.

395 2285 540 2358 Alterum,
554 2287 633 2368 qnod
646 2288 758 2367 plurimi
771 2286 856 2348 estin
868 2287 926 2348 hoc
937 2299 1109 2367 argumento
1124 2289 1271 2370 ponderis,
1284 2299 1330 2349 est
1342 2307 1391 2350 ac·

354 2402 456 2451 centus
470 2411 557 2473 quern
572 2391 643 2460 dixi,
666 2411 719 2452 seu
732 2402 829 2470 tenor,
849 2411 908 2472 quo
921 2393 1040 2452 verbum
1062 2393 1221 2454 secundum
1235 2393 1393 2472 legitimam

354 2497 558 2576 pronuntiandi
580 2497 722 2557 rationem
745 2498 919 2556 modulatur.
968 2497 1012 2557 Ut
1035 2497 1110 2556 enim
1127 2497 1177 2558 ille
1201 2515 1268 2586 non
1283 2508 1391 2557 temere

353 2601 514 2662 movendus
530 2621 587 2661 nec
611 2601 724 2681 syllaba
740 2621 829 2680 quem
843 2611 978 2681 occupat,
995 2603 1135 2680 exlongo
1155 2602 1185 2660 in
1198 2603 1315 2662 brevem
1329 2621 1392 2660 mn·

354 2706 451 2778 tenda,
475 2707 517 2768 ita
537 2707 658 2767 aliarum
679 2705 854 2787 syllabarum
878 2707 1032 2786 quantitas,
1055 2711 1116 2782 ejus
1141 2700 1299 2786 praesertim
1325 2725 1391 2785 queo

353 2824 469 2873 acutam
481 2813 614 2893 proxime
628 2812 777 2892 proeeedit,
800 2812 837 2871 ab
860 2830 896 2871 eo
920 2812 1072 2891 plurimum
1093 2812 1222 2892 pendet;
1245 2822 1276 2872 et
1300 2812 1390 2871 maxi·

353 2936 463 2977 merum
480 2918 664 2977 licentiarum
686 2917 760 2976 ratio
780 2916 849 2977 inde
871 2927 916 2976 est
936 2915 1073 2995 petenda.
1102 2916 1189 2983 Quod
1202 2916 1392 2995 utintelliga·
1438 2939 1448 2963 ο

353 3040 428 3092 mus,
451 3021 518 3081 hec
539 3040 635 3100 pauca
655 3019 787 3110 principii
810 3021 876 3082 loco
894 3021 932 3081 de
945 3032 1049 3082 netum
1062 3030 1093 3081 et
1106 3022 1134 3081 si
1148 3032 1286 3083 accentus
1299 3021 1391 3101 probe

354 3126 481 3186 tenenda
494 3137 570 3185 sunt.

395 3232 502 3304 Primo,
517 3232 547 3290 in
562 3232 639 3292 omni
651 3252 726 3294 voce
736 3252 801 3294 esse
814 3244 941 3307 sentam,
950 3252 1073 3314 eamque
1086 3252 1175 3293 unam
1188 3242 1311 3293 tantum.

395 3336 540 3408 Secundo,
555 3336 685 3398 ultimam
697 3358 844 3416 nunquam
857 3357 922 3397 esse
943 3349 1066 3409 acutam,
1081 3338 1206 3416 ideoque
1217 3336 1248 3395 in
1259 3336 1390 3417 dissylla-

354 3442 399 3503 bis
416 3441 541 3523 priorem
564 3462 679 3523 semper
700 3445 777 3516 aeoi;
800 3443 879 3503 unde
892 3442 926 3501 lit
936 3452 969 3501 nt
981 3442 1091 3503 ultime
1104 3440 1208 3501 exilius
1229 3451 1344 3513 sonent,
1359 3450 1390 3501 et

353 3546 504 3607 obscurius
517 3546 680 3609 audiantur.

396 3648 503 3724 Tertio,
522 3649 553 3709 in
576 3650 761 3735 polysyllabis
782 3652 952 3728 secundam,
967 3654 991 3713 si
1004 3653 1094 3734 longa
1107 3652 1153 3727 sit,
1174 3662 1292 3712 acutam
1306 3658 1389 3723 esse;

353 3755 547 3817 aliastertiam
560 3758 597 3816 ab
612 3768 755 3827 extremm
765 3758 840 3817 intra
850 3758 937 3817 trium
946 3758 1022 3818 enim
1036 3758 1211 3838 syllabarum
1225 3775 1399 3837 numerum,

352 3862 413 3923 slve
425 3862 472 3921 boe
486 3862 515 3920 in
527 3862 617 3922 verbo
630 3862 701 3922 eolre
722 3862 788 3931 sint,
808 3862 870 3922 sive
890 3863 1010 3936 ultimas,
1029 3871 1145 3922 acuum
1164 3846 1278 3941 semper
1296 3860 1390 3921 conti·

352 3966 429 4026 neri:
442 3967 579 4047 ideoque,
593 3967 617 4026 sl
628 3968 726 4047 plures
739 3977 853 4026 acumm
863 3967 1074 4046 precesserint,
1089 3984 1190 4026 omnes
1200 3984 1302 4045 graves
1314 3984 1387 4037 esse,

353 4074 461 4153 pariter
474 4094 510 4133 ae
523 4074 598 4145 illas,
613 4094 679 4153 quoe
693 4084 884 4152 sequuntur..

394 4178 516 4247 Quarto,
528 4196 592 4235 cum
601 4175 729 4256 syllabae,
739 4195 826 4256 quam
834 4186 938 4236 acutus
947 4186 1031 4235 tenor
1041 4184 1175 4253 occupet,
1185 4192 1222 4233 ex
1228 4171 1387 4232 intentione

355 4282 428 4359 ejus,
441 4300 516 4340 nova
528 4281 661 4360 quedam
673 4280 818 4360 quantitas
832 4281 965 4353 accedet,
980 4280 1054 4340 istud
1075 4280 1286 4339 incrementum
1300 4296 1391 4357 quan«

353 4385 444 4445 titstls
457 4384 494 4445 de
517 4385 627 4467 syllaba
644 4385 778 4465 proxime
794 4386 981 4465 precedente
994 4381 1206 4463 quodammodo
1221 4380 1334 4442 detrahi
1347 4380 1389 4441 vi-

346 4488 448 4560 detur,
463 4486 530 4547 dum
542 4510 600 4583 vop
610 4489 755 4568 loquentis
767 4509 820 4568 per
833 4507 897 4549 eam
910 4489 1102 4571 raptefertur,
1116 4500 1150 4549 ut
1163 4488 1198 4548 sd
1213 4497 1329 4549 acutam
1341 4506 1389 4546 ve·

354 4584 424 4669 nial,
438 4594 468 4655 in
482 4613 539 4675 qua
551 4593 689 4674 insignior
702 4615 782 4658 mora
801 4594 946 4659 socienda
967 4593 1037 4659 hinc
1062 4613 1116 4659 utu
1139 4594 1265 4683 venibat
1278 4590 1388 4675 syllaba
