3292 5575
325 648 458 714 mairi'
539 645 672 710 Junrl
703 646 919 722 „CAESARIS
949 644 1218 707 scantumtt

330 830 447 891 Latina.
466 827 532 891 illos
557 848 597 890 ex
621 826 788 889 Eunucho:
816 828 875 889 leri
896 828 999 907 aliqum
1019 826 1206 888 mussant
1228 826 1326 885 ooiaras
1346 828 1381 884 iu

330 936 430 997 Pirae.
457 932 610 1013 Siquidem
624 931 756 993 Ruffinus
768 942 854 993 autor
867 944 922 1005 est,
934 933 1066 1007 eundem
1079 932 1242 992 Varronem
1255 930 1297 990 ita
1313 950 1381 992 sen·

328 1042 410 1114 sisse,
425 1059 540 1113 versum
557 1038 753 1119 septenarium
766 1037 840 1109 fieri,
856 1058 923 1098 cum
935 1038 975 1098 ad
988 1037 1132 1097 senarium
1143 1057 1198 1120 pes
1211 1035 1381 1115 trisyllabus

329 1146 507 1207 adderetur:
538 1144 676 1224 additque
697 1145 864 1225 exemplum
881 1144 985 1205 iisdem
1008 1144 1148 1217 numeris,
1174 1163 1215 1204 ex
1234 1143 1380 1223 Hecyra:

330 1272 393 1311 uam
410 1251 588 1311 sironittaat
601 1250 738 1328 quippiam
752 1250 915 1319 Philumene
932 1252 1044 1311 ddorea
1085 1250 1155 1311 Non
1174 1250 1270 1311 solum
1288 1248 1378 1327 igitur

330 1376 396 1419 ase
414 1356 548 1419 dissentit
561 1356 635 1436 ipse,
656 1375 760 1427 verum
776 1356 864 1415 etiam
877 1365 956 1417 errat
967 1354 1160 1423 deliniendo,
1184 1354 1264 1415 Nam
1277 1362 1308 1413 et
1319 1372 1381 1411 ma·

325 1468 373 1539 jor
387 1474 434 1547 est
446 1461 623 1543 septenario,
645 1472 677 1521 et
696 1461 927 1542 trisyllabuspes
940 1462 1080 1531 bacchius
1092 1460 1263 1541 presertim,
1277 1458 1382 1534 jambo

330 1588 389 1627 non
401 1569 496 1629 solum
510 1566 758 1641 estadventitius,
773 1567 828 1627 sed
841 1567 933 1629 etiam
943 1567 1059 1629 alterins
1074 1576 1185 1637 tractus
1199 1564 1316 1639 diversi,
1329 1582 1382 1624 ne·

331 1691 389 1751 qpe
404 1671 511 1753 dignus
526 1672 577 1751 qui
590 1672 621 1731 in
637 1672 758 1752 iambici
772 1648 972 1734 definitionem
983 1672 1162 1744 admittatru,
1183 1682 1215 1732 et
1227 1670 1382 1731 ridiculrmr

330 1789 386 1851 est,
400 1778 566 1860 nonfpotins
580 1778 778 1859 septenarium
791 1798 829 1837 ex
841 1780 972 1858 septenis
984 1777 1057 1849 fieri,
1069 1778 1145 1839 sicut
1158 1796 1197 1837 ex
1208 1774 1287 1835 senis
1299 1792 1382 1834 sena·

328 1882 413 1957 aium,
433 1903 521 1963 quam
535 1885 680 1946 asenario
693 1884 901 1964 etuoopede:
921 1883 1113 1945 tantominus
1124 1880 1286 1963 trisyllaba.
1319 1879 1383 1941 Sed

329 1986 469 2066 profecto
486 2009 609 2068 magnos
627 1988 707 2049 viros
717 1989 857 2050 autoritas
870 2008 950 2069 saepe
967 1989 1044 2049 texit
1057 1988 1143 2049 etim
1161 1988 1239 2047 male
1253 1985 1383 2047 sentien-

328 2101 394 2152 tes:
415 2094 494 2155 sicut
508 2096 682 2157 Ciceronem
694 2114 810 2175 quoque
830 2094 907 2174 fugit
923 2095 1007 2168 ratio,
1025 2114 1092 2155 cum
1112 2092 1143 2153 in
1155 2092 1250 2173 prima
1264 2089 1381 2172 qumsti·

329 2215 387 2257 one
410 2197 599 2264 Thusculana
618 2199 797 2281 septenarios
819 2211 908 2261 vocat
924 2201 1007 2263 illos:
1036 2202 1087 2261 teu
1113 2200 1242 2278 reliquae
1260 2197 1381 2257 smne

327 2304 403 2381 regit
417 2305 559 2367 damaris
570 2308 682 2380 maha,
696 2308 753 2367 Per
766 2316 868 2367 terrun
880 2308 956 2367 same
969 2306 1177 2386 delibutasfode
1189 2307 1236 2365 diu
1248 2303 1383 2363 murier.

329 2402 471 2467 Erasmus
485 2405 648 2470 Varronem
657 2420 787 2482 secutus,
808 2420 1009 2481 tetrametrum
1021 2410 1113 2469 nihilo
1125 2408 1238 2469 felicius
1250 2408 1380 2489 explica·

329 2506 372 2567 vit
387 2508 444 2570 illis
456 2513 562 2589 verbis,
580 2515 741 2594 jambicum
760 2526 961 2577 tetrametrum
973 2514 1119 2575 interdum
1131 2516 1163 2575 in
1175 2514 1235 2575 fine
1253 2512 1384 2573 fraudari

331 2634 392 2675 una
404 2616 519 2696 syllaba
531 2621 677 2700 producta
686 2622 860 2702 penultima,
879 2622 994 2701 quoties
1004 2621 1132 2698 jambico
1145 2620 1271 2681 dimetro
1281 2619 1386 2680 occini

329 2730 378 2781 tur
398 2720 527 2802 dimeter⁸
546 2725 745 2787 catalecticus.
785 2726 864 2787 Nam
884 2726 957 2805 quid
976 2725 1125 2785 attinebat
1140 2723 1238 2785 dicere
1258 2722 1384 2804 penulti-

328 2849 410 2891 mam
429 2832 622 2911 productaml
643 2833 836 2912 nequeenim
853 2833 1048 2894 necessarium
1068 2833 1126 2893 hoc
1148 2842 1214 2892 est:
1235 2851 1295 2911 quo
1315 2831 1385 2890 loco

328 2947 361 2995 et
368 2935 530 2998 tribrachus
544 2957 608 2999 esse
621 2949 721 3018 potest
735 2951 766 3000 et
776 2939 932 3019 dactyluss
952 2958 1075 3018 quorum
1087 2937 1210 3017 sylaboe
1223 2947 1385 3017 postremae

328 3039 435 3099 breves
449 3051 527 3102 sunt.
570 3044 634 3102 Aut
646 3064 714 3124 quse
728 3054 774 3105 est
786 3043 837 3104 illa
846 3044 1013 3124 explicatio,
1033 3044 1116 3123 quasi
1129 3063 1198 3104 cum
1218 3042 1309 3114 dicas,
1330 3040 1384 3102 bo·

329 3143 402 3202 mini
414 3143 561 3206 interdum
579 3167 634 3229 pes
649 3149 742 3224 deest,
763 3151 877 3231 quoties
891 3150 1007 3229 integro
1019 3149 1221 3220 semihomine,
1241 3146 1327 3207 alteri
1338 3163 1386 3206 sa·

330 3247 481 3310 mibomini
502 3270 556 3330 pes
574 3253 668 3315 deest.
716 3256 756 3316 At
778 3274 848 3315 vero
870 3253 935 3335 quis
955 3255 1049 3316 nescit
1070 3264 1273 3324 tetrametros,
1286 3272 1345 3311 non
1366 3269 1386 3310 e

331 3353 448 3416 duobus
472 3355 613 3431 dimetria
638 3359 692 3419 sed
713 3378 752 3420 ea
774 3370 901 3438 quatuor
924 3358 1151 3419 dimensionibus
1172 3355 1331 3418 constare?
1360 3355 1388 3416 si

329 3459 395 3540 quis
408 3459 456 3519 vel
469 3460 577 3540 partim
590 3463 758 3524 consideret
769 3465 924 3535 rationem,
944 3483 1069 3542 quarum
1081 3462 1203 3542 angon
1216 3464 1330 3544 equale
1336 3465 1387 3542 jus

329 3564 370 3626 sit
381 3564 414 3625 in
426 3585 532 3629 versu:
554 3567 601 3626 vel
616 3567 758 3648 originem
770 3567 863 3648 ipsam
876 3567 1016 3629 intuatur.
1055 3567 1163 3646 Neque
1175 3567 1254 3628 enim
1267 3568 1387 3630 Boistus

329 3669 391 3745 ille,
403 3670 513 3732 aliusve
527 3671 680 3754 quispiam,
692 3661 818 3734 dimetro
829 3675 987 3750 dimetrum
999 3674 1128 3755 aptavitz
1148 3673 1202 3734 sod
1211 3673 1387 3746 trimetrum,

331 3795 422 3858 quem
442 3788 506 3838 tum
522 3777 721 3858 longissimum
734 3779 894 3852 invenerat,
915 3790 1132 3843 monometrum
1145 3779 1266 3840 addidit.
1307 3779 1388 3840 Prae·

331 3893 414 3944 terea
434 3882 499 3965 quis
512 3883 570 3944 hoc
583 3884 715 3960 audiens,
734 3905 793 3945 non
807 3896 893 3965 putet
909 3905 974 3948 esse
987 3885 1071 3948 nefas
1083 3905 1225 3948 casuram
1243 3885 1342 3949 facere
1355 3885 1390 3944 in

332 3988 434 4068 quinto
447 3989 536 4070 pede,
547 3987 702 4072 siquidem
715 4009 753 4050 ex
765 3990 884 4053 duobus
899 3991 1030 4052 dimetria
1043 4001 1245 4055 tetrametrum
1257 4002 1303 4053 est
1315 4010 1385 4070 con·

332 4092 547 4152 sarcinandum
589 4092 670 4160 Quid
686 4095 768 4174 quod
782 4095 862 4155 idem
880 4097 987 4158 abusam
1006 4107 1050 4158 est
1073 4097 1187 4159 dimetri
1205 4095 1389 4174 trimetrique

334 4197 541 4276 appellatione,
560 4217 630 4258 uam
642 4197 850 4280 *imprudenter
862 4221 978 4278 versum
994 4202 1076 4264 illum
1095 4221 1135 4264 ex
1154 4201 1270 4262 Andria
1284 4200 1388 4277 jambi-

333 4321 403 4362 cum
422 4313 636 4381 pentametrum
656 4303 731 4364 dixit
745 4324 810 4366 csse
823 4307 930 4367 bocum
949 4309 1072 4369 credibile
1085 4318 1127 4370 est
1139 4317 1189 4368 out
1201 4307 1387 4366 memorabile:

333 4408 383 4488 qui
404 4419 483 4470 esset
503 4395 635 4469 trimeter
650 4409 962 4491 brachycatalecticus.
1005 4412 1111 4492 Neque
1125 4412 1203 4474 enim
1219 4411 1299 4471 idem
1320 4429 1388 4471 esse

334 4517 447 4594 μέτρον,
467 4522 499 4576 et
518 4512 636 4600 pedem,
656 4533 743 4596 supra
761 4513 906 4598 dirimuss
933 4515 986 4578 sed
1004 4522 1106 4598 μέτρον
1122 4537 1230 4600 capere
1245 4515 1390 4578 motorios
