3292 5575
440 653 1068 734 .er··sceuaeurs'et2r10ud.
1215 658 1275 730 eoa

236 853 338 903 strant
365 851 421 904 Sed
436 851 597 922 procedente
608 857 728 921 tempere
747 868 804 905 oros
812 853 943 919 ihrnltsit,
951 856 985 906 ut
994 855 1104 906 actores·
1114 850 1142 902 in
1154 851 1212 902 arte
1223 849 1276 902 liii-

238 932 335 987 iricnia
350 935 434 1002 probe
447 935 591 1011 exerciteti
606 937 731 988 mercede
748 935 933 988 conducerent
949 935 1145 1008 elios'nctores,
1157 945 1277 1000 querum

237 1029 348 1081 opernm
359 1015 480 1069 locarent
489 1017 611 1085 ohcngis
621 1017 657 1069 ad
668 1026 723 1081 ces,
735 1030 804 1086 quas
812 1017 887 1069 lestis
895 1017 996 1070 *diebus
1006 1015 1166 1084 producturi
1176 1019 1276 1080 essent,

239 1093 352 1149 fflill'ssi
387 1097 451 1150 linc
461 1097 565 1167 liquido
575 1102 688 1166 epperet
699 1098 787 1150 eloco
798 1097 936 1151 Plutarchi
946 1097 976 1149 tn
987 1098 1118 1164 Prseccpt
1125 1095 1206 1148 Pelit.
1214 1099 1237 1148 t.
1248 1097 1275 1148 9„

238 1191 265 1242 p.
284 1180 351 1231 ere·
362 1178 414 1231 nbi·
429 1178 519 1244 refert,
532 1181 631 1232 Polum
650 1183 771 1234 notorem
786 1179 993 1232 celeberrimum
1012 1175 1211 1254 conductitium
1226 1176 1276 1228 Aa·

238 1256 343 1324 buin,
354 1260 476 1322 μνθκὺ.
498 1266 616 1316 notorem
628 1262 721 1325 alium,
737 1261 927 1314 undelacllins
943 1260 1109 1328 intelligitur,
1126 1274 1182 1328 quo
1193 1257 1278 1311 modo
1359 1326 1362 1334 Ι

237 1338 310 1392 idern
323 1342 406 1394 Polus
415 1343 510 1408 biduo,
522 1359 577 1412 qno
588 1343 696 1410 egisset,
707 1343 800 1411 megni
810 1343 905 1396 talenti
925 1341 1083 1396 mercedem·
1095 1341 1220 1408 accipere
1226 1343 1276 1408 pri-

238 1422 328 1475 tuerit.
333 1441 361 1476 r.
371 1424 443 1477 Pice
452 1423 555 1478 invita
564 1429 605 1478 lt).
616 1425 697 1478 nect
703 1441 729 1492 p.
738 1428 800 1478 ete.
807 1423 841 1478 B.
852 1433 915 1477 uem
923 1423 1005 1476 rerba
1012 1411 1276 1490 aeblptpaclymt-

236 1506 409 1574 mecdpic
420 1507 456 1561 de
463 1512 555 1560 actore
567 1507 692 1576 primerio
700 1511 730 1560 et
738 1497 817 1558 suam
830 1511 859 1558 et
867 1505 991 1582 viliorum
1000 1509 1131 1568 actorum,
1140 1509 1209 1578 quos
1217 1504 1276 1572 ipse

236 1588 415 1654 conduxerat,
427 1605 535 1657 operans
547 1604 596 1657 pro
607 1589 732 1642 mercede
742 1588 789 1642 ills
800 1588 917 1640 locante.
1027 1592 1039 1624 ὅ
1091 1611 1094 1620 .

270 1669 319 1722 Sic
328 1670 421 1738 itaque
432 1676 461 1722 et
473 1671 617 1723 Ambirins
627 1673 702 1724 aolus
718 1669 814 1737 egisse,
824 1671 984 1734 aperientur,
995 1667 1102 1733 dicitur,
1113 1667 1141 1718 ni
1152 1665 1236 1730 lntlcr,
1246 1667 1275 1718 in

236 1751 324 1802 titulis
333 1751 636 1806 Heautontimorumeni
647 1758 676 1804 et
684 1752 809 1820 Hecyrre,
817 1753 857 1804 sic
869 1751 933 1805 clibi
943 1751 1018 1804 idern
1030 1749 1185 1812 etAttilius,
1197 1765 1277 1816 prop-

237 1840 312 1887 teree
323 1836 395 1903 quod
412 1853 460 1905 pro
476 1852 505 1887 se
522 1841 549 1887 et
566 1851 647 1903 grege
658 1852 709 1888 sno
726 1851 791 1887 cunr
806 1834 932 1887 oedilihus
949 1833 977 1886 hi
991 1832 1196 1885 contraxissent.
1208 1829 1276 1882 nihil

238 1916 311 1968 enim
323 1916 396 1969 eliud
408 1917 457 1970 nisi
467 1934 546 1985 egere
557 1918 584 1969 h.
597 1917 614 1968 Ι.
626 1921 704 1970 sonet
715 1921 740 1968 vi
751 1919 903 1983 aly-attiche,
914 1931 1003 1984 neque
1012 1914 1071 1980 jam
1082 1929 1115 1965 eo
1126 1912 1274 1982 respicitur,
1356 1911 1360 1918 ’

238 1998 403 2065 quodetiam
415 1991 537 2051 actorum
549 1999 601 2052 luit
612 1998 724 2052 victorie
734 1999 762 2051 in
774 1997 925 2050 tabularum
938 1994 1136 2058 commissione,
1146 2009 1201 2045 non
1212 2007 1277 2059 poc·

238 2083 328 2130 terum
339 2079 437 2144 solum,
448 2082 481 2132 nt
492 2083 567 2146 petet
582 2079 688 2147 (itidem
701 2079 889 2146 Boettigerum
908 2077 986 2130 audis
995 2076 1062 2128 ibid.
1079 2092 1106 2144 p.
1118 2075 1157 2141 6.)
1168 2091 1183 2126 e
1198 2075 1276 2126 lucu-

238 2159 312 2212 lento
323 2160 384 2213 loco
394 2159 529 2213 Plutarchi
539 2160 568 2212 in
580 2162 637 2212 rita
648 2159 797 2212 Alexandri
807 2176 832 2213 c.
846 2164 890 2213 29.
903 2164 924 2212 t.
936 2163 960 2212 4.
970 2174 998 2226 p.
1009 2161 1071 2212 29³.
1091 2156 1173 2211 Hutl.
1186 2155 1234 2207 ubi
1246 2155 1273 2206 in

238 2240 309 2292 ludis
319 2240 440 2305 scenicis,
452 2257 524 2310 quos
534 2241 563 2292 in
575 2241 717 2294 Phoenicia
732 2242 865 2309 spectavit
880 2241 976 2303 victor,
991 2240 1046 2294 duo
1061 2238 1229 2291 celeberrimi
1243 2237 1276 2290 il-

237 2325 290 2377 lins
308 2326 396 2378 retritis
412 2329 657 2378 commemorantur
674 2330 786 2389 actores,
797 2325 990 2379 Athenodorus
1001 2327 1029 2376 ct
1038 2323 1196 2385 Thessalus,
1207 2337 1276 2390 quo-

237 2422 298 2459 rum
310 2406 440 2473 posterior
455 2423 519 2460 cum
532 2406 659 2472 judicum
670 2406 805 2459 sententia
815 2406 925 2458 inferior
940 2404 1115 2467 discessisset,
1127 2404 1205 2455 valde
1223 2402 1279 2454 hcc

237 2489 356 2556 pupugit
364 2488 560 2541 Alexandrum.
596 2487 651 2540 Hic
663 2492 755 2556 aperte
765 2488 849 2540 hebes
860 2487 1066 2541 Athenodorum
1081 2489 1174 2542 msera,
1189 2484 1275 2537 Thes·

237 2571 326 2622 salum
336 2568 466 2631 masepha.

274 2647 312 2699 Et
322 2646 357 2699 de
367 2647 419 2700 hoc
429 2646 540 2715 quidem
552 2646 691 2700 hactenus.
725 2648 780 2700 Sed
793 2663 882 2718 neque
898 2649 965 2701 illud
982 2648 1092 2718 quidem
1111 2648 1221 2699 omnino
1232 2646 1273 2699 lu·

238 2729 290 2780 erit
306 2728 568 2799 probandum,quod
586 2730 675 2798 placet
687 2730 851 2799 Boettigcro,
869 2732 926 2784 sola
940 2732 1047 2784 centice
1062 2729 1144 2782 hsissc
1161 2733 1222 2781 ecte
1238 2729 1273 2780 nh

238 2810 412 2864 histrionibus
431 2811 570 2879 primariis.
605 2813 688 2865 Polus
706 2810 752 2865 ille
770 2813 851 2866 Gellii
868 2814 903 2866 N.
922 2814 956 2867 A.
974 2818 1000 2867 7.
1021 2817 1048 2867 ὁ.
1070 2828 1134 2865 cum
1155 2812 1274 2864 Electrae

237 2897 326 2961 partes
337 2894 366 2945 in
377 2894 537 2959 cognomine
548 2893 688 2962 Sophoclis
695 2895 830 2961 trngoedia
839 2896 991 2961 sustineret,
1003 2910 1098 2947 urnam
1110 2891 1226 2961 gestarit
1238 2893 1272 2944 eb

239 2974 335 3029 Oreste
345 2976 374 3027 in
385 2990 419 3027 ee
435 2976 528 3027 tabule
543 2977 624 3027 sorori
635 2976 770 3042 traditm,
780 2977 855 3029 unde
871 2980 985 3042 constet,
997 2976 1147 3031 dircrbium
1163 2990 1272 3043 quoque

237 3056 307 3110 illud
328 3061 419 3110 ectum
436 3074 495 3110 osse
513 3058 547 3111 eb
565 3057 692 3111 histrione
709 3058 892 3112 celeberrimo.
932 3058 1032 3111 Itidem
1053 3056 1197 3110 Amhirius
1213 3056 1271 3125 ipsc

238 3140 348 3207 prologo
358 3138 642 3193 Heautontimorumi:

410 3282 783 3344 Neeeisireoemminm,
795 3300 841 3335 csr
848 3292 938 3352 parter
947 3284 1002 3335 serii

414 3364 498 3417 Poeta
509 3365 615 3426 deber,
623 3382 679 3432 quc
690 3374 749 3417 mc
760 3362 963 3429 abbandum,

412 3442 677 3514 remmam
694 3445 942 3513 receptantes,
954 3444 1065 3517 eloquar.

238 3592 348 3653 deinde,
358 3590 405 3657 ait,
421 3591 494 3659 quod
511 3590 582 3657 reni,
592 3590 711 3657 eloquar,
721 3588 749 3643 h.
761 3604 785 3641 e.
798 3587 948 3641 Chremetis
964 3591 1062 3656 pestes,
1080 3586 1202 3654 edeoque
1220 3587 1272 3653 pri·

239 3690 317 3728 mum
332 3672 432 3726 fabule
444 3671 603 3731 diverbium,
619 3686 707 3738 agam,
724 3674 757 3722 ut
766 3672 841 3722 recte
852 3668 993 3722 Bentleius
1009 3670 1208 3737 interpretatur.
1220 3682 1273 3720 nec

239 3755 335 3809 dubito
347 3754 412 3823 quin
423 3754 497 3806 idem
508 3758 537 3805 et
547 3752 667 3819 Andriae,
679 3750 816 3815 Eunuchi,
829 3750 1004 3815 Phonnicnis,
1016 3749 1133 3819 denique
1145 3748 1271 3815 Hecyrae,

238 3837 337 3907 primes
348 3840 421 3887 certe
439 3851 533 3887 scenas
544 3834 662 3900 ogendns
673 3834 701 3886 io
714 3849 744 3885 se
755 3834 912 3903 susceperit,
923 3834 994 3886 sicut
1008 3832 1195 3901 Adelphorum
1212 3830 1272 3899 qui-

239 3920 302 3972 dem
323 3917 434 3970 Attilius
452 3917 494 3969 rel
511 3916 649 3969 Minutius
666 3914 836 3982 Prothymus‚
853 3919 886 3968 ut
901 3932 989 3983 neque
1003 3919 1059 3967 tem
1080 3914 1217 3968 eleborata
1232 3912 1273 3964 di·

238 4000 330 4053 verbia
345 3998 426 4051 illotis
441 3998 670 4050 conductitiorum
689 4000 811 4049 aetorum
832 3996 958 4049 menibus
974 3997 1228 4058 contaminarentur,
1243 3996 1273 4045 ct

238 4080 351 4132 tedium
367 4079 436 4130 sdeo
455 4082 592 4145 protnseoe
612 4092 666 4129 non
684 4080 773 4145 poetro
788 4075 876 4135 solum
893 4082 957 4140 erte,
969 4078 1017 4129 sed
1035 4077 1116 4129 etiam
1133 4079 1226 4144 gestus
1243 4076 1272 4125 et

237 4161 312 4213 vocis
323 4163 463 4211 venustate
473 4164 502 4211 et
512 4158 679 4225 claritudine,
691 4162 795 4211 uicum
806 4158 894 4211 Gellio
903 4160 1006 4227 loquer,
1017 4159 1157 4211 levaretur.
1188 4154 1269 4219 Quod

239 4245 271 4293 nt
288 4257 380 4294 vemm
397 4239 507 4293 credam
524 4241 676 4308 periterque
692 4241 762 4292 inter
781 4240 891 4292 Graecos
909 4256 941 4291 sc
960 4240 1098 4292 Romsnos
1114 4238 1272 4301 obtinuisse,

239 4322 351 4376 adducit
362 4338 406 4374 me
416 4322 492 4375 locus
500 4321 653 4375 Aristotelis
662 4322 740 4374 Polit
752 4325 778 4374 7.
788 4325 829 4374 17.
840 4336 902 4389 peg.
910 4322 1009 4375 hezli.
1018 4322 1066 4375 nbi
1078 4321 1112 4373 de
1119 4320 1272 4385 Theodoro,

236 4404 319 4458 nobili
330 4406 463 4471 tragoedo,
474 4419 557 4471 egens
568 4402 757 4472 philosophus:
776 4407 836 4455 ellel
845 4410 886 4470 pag
896 4407 983 4455 rotem
994 4409 1083 4469 capito
1090 4404 1164 4452 imeri
1174 4405 1273 4465 epulet-

236 4502 283 4557 W.
294 4484 349 4532 dih
358 4486 409 4554 (sic
420 4487 493 4539 enim
507 4485 654 4552 legendnm
668 4488 737 4554 puto
753 4500 801 4553 pro
811 4484 923 4552 vulgato
934 4490 1070 4553 emente,
1085 4483 1129 4533 citt
1140 4481 1275 4545 rin—>ver

236 4571 326 4618 errae
334 4573 455 4635 ὑιαςιττη,
465 4574 491 4628 ὃς
503 4570 641 4638 erumpitur
649 4574 692 4619 τεν
706 4572 791 4620 enee
805 4572 856 4626 cai<
871 4572 964 4636 κρόκης
978 4572 1060 4629 uuir,
1075 4562 1102 4617 h
1114 4576 1153 4616 e.=
1171 4558 1275 4614 nemini

275 4664 335 4697 roo.
347 4664 378 4697 rr.
749 4652 765 4697 ³
781 4664 793 4696 s
