3292 5575
502 697 566 762 DE
600 696 788 766 Merula
826 697 1039 765 cortlcls.
1209 707 1278 768 etr·

235 875 462 954 quiddam?
482 879 563 942 And.
576 881 701 945 lim.
736 883 811 946 Erae
830 885 955 966 denique
979 905 1046 967 que
1065 896 1187 948 metrum
1200 891 1278 966 jor·

234 983 326 1042 dim
344 985 485 1063 dypoecat.
505 987 695 1061 coudtururt,
724 1001 759 1049 ut
782 989 1050 1062 didcrucior-onimi;
1075 991 1199 1073 Adelph.
1221 994 1276 1054 iv.

235 1087 294 1150 IV.
319 1093 347 1148 1.
832 1111 840 1128 ·

275 1191 335 1254 Eat
347 1193 465 1272 quidem
474 1195 505 1256 iu
517 1197 642 1276 vulgatis
656 1197 741 1260 editt.
755 1179 923 1283 eienpluur
936 1204 1024 1264 etiem
1039 1203 1189 1264 commatis
1198 1205 1276 1280 jan-

233 1297 289 1358 dr'cr'
310 1299 418 1362 dnm
444 1302 687 1380 mmmdcc.-
709 1303 826 1367 Pborm.
851 1305 1011 1370 1.1v.1e.
1045 1307 1275 1367 limmat.

234 1401 403 1466 Sto-idion
436 1405 498 1468 Gr.
511 1409 594 1468 Hera.
626 1407 687 1470 seu
707 1409 839 1471 domim
861 1413 900 1474 ad
923 1432 1039 1474 vertum
1060 1412 1275 1492 precedentem

234 1508 429 1586 rejiciendum
442 1531 517 1584 ena,
529 1513 571 1574 ad
580 1513 678 1573 locum
687 1514 766 1576 dixit
779 1535 836 1577 nec
845 1517 911 1597 pluo
924 1537 984 1578 uuo
997 1519 1081 1594 hujur
1091 1517 1204 1596 generi·
1214 1535 1276 1576 rne-

234 1613 305 1674 mini
317 1617 398 1695 apud
410 1617 556 1678 Plautum.
577 1620 658 1680 Pera.
674 1619 730 1680 lv.
741 1622 799 1685 lv.
817 1627 885 1685 116.

588 1787 643 1837 ΑΨ
653 1796 764 1854 argent*
772 1814 782 1826 -
794 1792 913 1840 eberbac.

274 1937 333 2000 nb
353 1943 451 2020 poncia
474 1943 586 2004 abwivi
598 1944 737 2023 quicquid
758 1943 836 2006 rcire
857 1965 931 2026 opus
944 1956 990 2006 art
1003 1944 1042 2006 ud
1054 1943 1273 2024 intelligendum

235 2049 332 2108 omnio
352 2049 403 2109 illa
423 2050 583 2109 carminum
604 2069 721 2129 genera,
740 2071 808 2132 quoe
829 2052 1030 2111 atrocdoeorel
1042 2053 1140 2130 jombo
1167 2069 1273 2110 nornen
1366 2063 1374 2076 ’

234 2173 317 2214 cuum
336 2154 495 2215 eortiuntur
507 2179 516 2225 ;
529 2163 671 2234 quatenua
687 2154 725 2215 ad
737 2165 895 2215 metrorum
908 2153 1151 2216 Terentianomm
1165 2154 1271 2214 intelli·

235 2260 362 2337 gentiam
385 2278 486 2320 eorum
508 2260 638 2340 cognitio
661 2260 827 2321 neceaaaria
841 2271 895 2321 eat.
925 2261 975 2321 De
996 2261 1148 2321 biaautem
1162 2259 1271 2340 duplex

235 2363 358 2442 questio
367 2365 476 2424 moveri
485 2374 600 2444 potem
613 2365 715 2438 altera,
728 2366 914 2444 quamobrem
928 2375 1037 2424 tantam
1051 2364 1210 2426 carminum
1223 2371 1272 2424 ia·

235 2466 366 2528 rietatem
380 2468 546 2530 adhibuerit
559 2469 726 2541 Terentium,
741 2481 773 2529 et
793 2489 853 2529 non
866 2469 960 2548 potius
978 2470 1054 2528 iutra
1066 2469 1202 2528 trimetros
1214 2479 1273 2529 ate·

234 2573 311 2643 terit,
332 2574 412 2652 quod
424 2573 517 2634 voluit
531 2575 736 2641 Quintilianus.
767 2573 887 2636 Consilii
909 2573 995 2652 hujus
1008 2573 1148 2633 rationem
1162 2573 1271 2631 multie

235 2676 322 2738 rebus
335 2681 401 2758 ipaia
418 2680 578 2773 petendam
592 2681 776 2752 arbitrantur,
801 2690 832 2739 et
850 2678 1020 2738 Terentium
1039 2677 1124 2738 variis
1138 2697 1272 2737 versuum
1367 2696 1378 2719 ·

234 2783 389 2863 generibus
399 2806 481 2847 urum
495 2787 595 2861 iubae,
609 2798 641 2847 ut
655 2786 698 2847 rei
712 2783 749 2845 de
762 2804 822 2866 qua
835 2783 931 2865 agitur
942 2795 1074 2845 naturam
1088 2802 1271 2843 numerorum

236 2890 429 2951 concinnitate
440 2902 637 2971 spectatorum
657 2891 747 2951 oculia
760 2890 864 2950 melius
877 2890 1041 2967 subjiceret.
1054 2888 1107 2949 aed
1125 2907 1226 2948 vereor
1238 2900 1271 2947 ut

235 2994 291 3055 boc
304 3016 475 3076 responsum
487 2998 556 3057 ratis
569 2998 684 3056 firmum
692 2996 739 3067 ait,
751 3014 820 3055 cum
828 2996 959 3056 locorum
966 2994 1147 3073 inspectione
1158 3003 1273 3053 constet

235 3102 263 3160 in
276 3102 443 3163 fabularum
456 3104 584 3183 partibor
597 3103 724 3164 maxime
737 3103 811 3161 inter
824 3118 856 3159 oe
871 3097 1104 3159 dissentientibua
1117 3096 1194 3156 idem
1208 3116 1271 3157 car·

232 3206 314 3265 minis
326 3226 420 3285 genna
434 3208 608 3284 adhibitum,
623 3208 653 3266 in
667 3206 812 3267 continuis
825 3214 923 3264 eutem
937 3201 1060 3280 negotiis
1074 3202 1195 3262 diversa.
1216 3201 1271 3261 Est

233 3313 348 3392 quidem
360 3313 411 3372 ubi
420 3314 534 3373 numeri
547 3314 633 3373 rebar
642 3313 713 3373 mire
727 3311 923 3380 conveniunt;
942 3328 1060 3369 causam
1073 3318 1171 3369 tamen
1181 3318 1270 3367 tnntoe

233 3416 378 3477 varietatis
393 3418 496 3497 opinor
508 3418 584 3477 hanc
598 3417 712 3477 unicam
726 3416 825 3486 iuiaae,
845 3424 878 3474 ut
891 3433 928 3474 eo
944 3412 1035 3491 magia
1052 3423 1140 3491 poeta
1157 3420 1270 3491 epecta-

232 3532 331 3581 torum
341 3519 451 3582 animoa
464 3521 600 3582 reficeret
613 3532 644 3581 et
656 3521 774 3582 taedium
786 3520 915 3587 levaret3
939 3536 1005 3576 cum
1024 3517 1094 3595 ipsae
1108 3516 1195 3575 etiam
1206 3534 1268 3573 ore·

230 3627 316 3685 tionia
341 3625 464 3686 virtuter
489 3625 635 3686 fufidium
654 3626 774 3704 pariant,
803 3624 858 3685 nisi
877 3622 969 3700 gratia
986 3620 1131 3680 varietatis
1152 3620 1270 3696 odjutae.

232 3729 372 3789 Gaudent
385 3731 461 3791 enirn
472 3750 573 3790 omnea
582 3730 732 3803 varietate,
744 3738 775 3789 et
783 3728 860 3789 aicut
871 3726 949 3787 oculi
968 3726 1146 3785 diversarum
1167 3744 1268 3804 aspec-

229 3846 262 3895 tu
274 3854 371 3895 rerum
383 3836 477 3914 magia
491 3836 665 3906 detinentur,
693 3836 735 3895 ita
753 3852 838 3894 aurea
858 3832 965 3893 crebris
978 3850 1165 3891 numerorum
1178 3840 1268 3909 atquc

232 3940 307 4000 adeo
319 3959 455 4000 versuum
468 3940 675 4002 mutationibus
687 3940 880 3999 oblectantur.
901 3937 991 4003 Quod
1001 3954 1068 3996 cum
1077 3934 1167 4015 ipsius
1177 3933 1268 4000 Quin-

229 4045 321 4106 tiliani
336 4045 478 4121 judicium
491 4048 538 4118 ait,
551 4047 639 4122 miror
650 4044 774 4106 voluiaae
787 4042 1014 4122 elegantissimae
1036 4039 1165 4101 Terentii
1185 4038 1269 4099 febu-

230 4150 273 4210 iaa
286 4150 355 4209 colio
375 4152 506 4209 trimetria
519 4150 648 4230 astringi,
671 4170 738 4211 curn
751 4160 782 4208 et
801 4149 859 4209 alin
871 4168 979 4227 genera
992 4146 1050 4207 sint
1061 4144 1268 4217 renuatiaaima,

230 4266 261 4315 et
273 4256 336 4315 aine
348 4255 405 4313 iiiia
419 4256 580 4333 grotiaeima
593 4274 779 4316 numerorum
798 4254 922 4315 varietas
936 4252 1028 4314 omnia
1046 4252 1110 4312 scre
1122 4250 1268 4331 periisset.

228 4359 308 4418 Hinc
317 4359 452 4439 estquod
464 4360 495 4417 iu
505 4360 608 4419 scaenia
619 4379 684 4438 quae
696 4379 734 4419 ex
748 4360 914 4419 retroactos
925 4356 992 4417 solis
1005 4366 1149 4428 coustant,
1163 4354 1267 4435 aaepiua

228 4462 268 4523 de
281 4463 339 4522 aiio
361 4482 471 4541 genere
494 4463 533 4522 ad
553 4462 631 4523 aliud
642 4464 796 4533 transitum
815 4463 867 4524 aed
885 4462 942 4523 hoc
961 4473 1045 4522 tanto
1065 4461 1138 4522 fecit
1154 4460 1266 4540 judicio

229 4567 393 4638 Terentina,
407 4578 440 4627 ut
452 4569 482 4629 in
496 4568 563 4649 ipaia
577 4588 693 4649 quoque
705 4566 919 4629 narrationibus
937 4564 975 4629 ad
989 4567 1075 4629 uiam
1092 4566 1267 4629 rern‘trauai·

271 4677 389 4720 vamr.
720 4680 741 4719 o
761 4663 781 4702 ⁴*
