<?xml version="1.0" encoding="UTF-8"?>
<!DOCTYPE html PUBLIC "-//W3C//DTD XHTML 1.0 Transitional//EN"
    "http://www.w3.org/TR/xhtml1/DTD/xhtml1-transitional.dtd">
<html xmlns="http://www.w3.org/1999/xhtml" xml:lang="en" lang="en">
 <head>
  <title>
</title>
<meta http-equiv="Content-Type" content="text/html;charset=utf-8" />
  <meta name='ocr-system' content='tesseract 3.04.00' />
  <meta name='ocr-capabilities' content='ocr_page ocr_carea ocr_par ocr_line ocrx_word'/>
</head>
<body>
  <div class='ocr_page' id='page_1' title='image "./pterentiicartha01ruhngoog_0103.png"; bbox 0 0 3292 5575; ppageno 0'>
   <div class='ocr_carea' id='block_1_1' title="bbox 508 1101 1008 1168">
    <p class='ocr_par' dir='ltr' id='par_1_1' title="bbox 508 1101 1008 1168">
     <span class='ocr_line' id='line_1_1' title="bbox 508 1101 1008 1168; baseline -0.016 -5"><span class='ocrx_word' id='word_1_1' title='bbox 508 1105 746 1162; x_wconf 76' lang='lat' dir='ltr'>FRANCISCUS</span> <span class='ocrx_word' id='word_1_2' title='bbox 765 1101 885 1168; x_wconf 80' lang='lat' dir='ltr'><strong>HARE,</strong></span> <span class='ocrx_word' id='word_1_3' title='bbox 903 1101 969 1156; x_wconf 81' lang='lat' dir='ltr'><strong>S.&#39;1&#39;.</strong></span> <span class='ocrx_word' id='word_1_4' title='bbox 978 1101 1008 1155; x_wconf 87' lang='lat' dir='ltr'><strong>P.</strong></span> 
     </span>
    </p>
   </div>
   <div class='ocr_carea' id='block_1_2' title="bbox 388 1481 1127 1583">
    <p class='ocr_par' dir='ltr' id='par_1_2' title="bbox 388 1481 1127 1583">
     <span class='ocr_line' id='line_1_2' title="bbox 388 1481 1127 1583; baseline -0.011 -12"><span class='ocrx_word' id='word_1_5' title='bbox 388 1487 703 1583; x_wconf 86' lang='lat' dir='ltr'><strong>METRIS</strong></span> <span class='ocrx_word' id='word_1_6' title='bbox 761 1481 1127 1568; x_wconf 92' lang='lat' dir='ltr'><strong>COMICIS.</strong></span> 
     </span>
    </p>
   </div>
   <div class='ocr_carea' id='block_1_3' title="bbox 181 1709 1363 4729">
    <p class='ocr_par' dir='ltr' id='par_1_3' title="bbox 235 1709 1306 3146">
     <span class='ocr_line' id='line_1_3' title="bbox 281 1709 1279 1804; baseline -0.007 -18"><span class='ocrx_word' id='word_1_7' title='bbox 281 1723 358 1792; x_wconf 83' lang='lat' dir='ltr'><strong>QUI</strong></span> <span class='ocrx_word' id='word_1_8' title='bbox 371 1743 436 1784; x_wconf 81' lang='lat' dir='ltr'><strong>mm</strong></span> <span class='ocrx_word' id='word_1_9' title='bbox 448 1723 549 1785; x_wconf 87' lang='lat' dir='ltr'><strong>fructu</strong></span> <span class='ocrx_word' id='word_1_10' title='bbox 560 1723 662 1804; x_wconf 80' lang='lat' dir='ltr'><strong>legere</strong></span> <span class='ocrx_word' id='word_1_11' title='bbox 681 1709 760 1795; x_wconf 74' lang='lat' dir='ltr'><strong>uelit,</strong></span> <span class='ocrx_word' id='word_1_12' title='bbox 774 1743 841 1803; x_wconf 86' lang='lat' dir='ltr'><strong>quse</strong></span> <span class='ocrx_word' id='word_1_13' title='bbox 855 1722 894 1784; x_wconf 85' lang='lat' dir='ltr'><strong>de</strong></span> <span class='ocrx_word' id='word_1_14' title='bbox 907 1721 1006 1783; x_wconf 68' lang='lat' dir='ltr'><strong>ments</strong></span> <span class='ocrx_word' id='word_1_15' title='bbox 1019 1721 1138 1784; x_wconf 86' lang='lat' dir='ltr'><strong>comicis</strong></span> <span class='ocrx_word' id='word_1_16' title='bbox 1151 1721 1279 1780; x_wconf 83' lang='lat' dir='ltr'><strong>dicturus</strong></span> 
     </span>
     <span class='ocr_line' id='line_1_4' title="bbox 239 1821 1279 1910; baseline -0.005 -21"><span class='ocrx_word' id='word_1_17' title='bbox 239 1847 316 1899; x_wconf 90' lang='lat' dir='ltr'><strong>sum,</strong></span> <span class='ocrx_word' id='word_1_18' title='bbox 330 1827 415 1888; x_wconf 89' lang='lat' dir='ltr'><strong>domo</strong></span> <span class='ocrx_word' id='word_1_19' title='bbox 428 1827 530 1888; x_wconf 80' lang='lat' dir='ltr'><strong>afferat</strong></span> <span class='ocrx_word' id='word_1_20' title='bbox 543 1839 659 1910; x_wconf 77' lang='lat' dir='ltr'><strong>oportet</strong></span> <span class='ocrx_word' id='word_1_21' title='bbox 672 1847 770 1888; x_wconf 88' lang='lat' dir='ltr'><strong>eorum</strong></span> <span class='ocrx_word' id='word_1_22' title='bbox 792 1827 996 1908; x_wconf 74' lang='lat' dir='ltr'><strong>cognitionem,</strong></span> <span class='ocrx_word' id='word_1_23' title='bbox 1019 1821 1085 1907; x_wconf 76' lang='lat' dir='ltr'><strong>quob</strong></span> <span class='ocrx_word' id='word_1_24' title='bbox 1105 1828 1135 1886; x_wconf 91' lang='lat' dir='ltr'><strong>in</strong></span> <span class='ocrx_word' id='word_1_25' title='bbox 1154 1825 1279 1906; x_wconf 75' lang='lat' dir='ltr'><strong>vulgatis</strong></span> 
     </span>
     <span class='ocr_line' id='line_1_5' title="bbox 241 1931 1281 2015; baseline -0.003 -22"><span class='ocrx_word' id='word_1_26' title='bbox 241 1932 375 1993; x_wconf 90' lang='lat' dir='ltr'><strong>carminis</strong></span> <span class='ocrx_word' id='word_1_27' title='bbox 394 1932 539 1993; x_wconf 87' lang='lat' dir='ltr'><strong>condendi</strong></span> <span class='ocrx_word' id='word_1_28' title='bbox 562 1933 670 2012; x_wconf 81' lang='lat' dir='ltr'><strong>regulis</strong></span> <span class='ocrx_word' id='word_1_29' title='bbox 685 1933 887 2003; x_wconf 60' lang='lat' dir='ltr'><strong>continentum</strong></span> <span class='ocrx_word' id='word_1_30' title='bbox 908 1953 1005 2015; x_wconf 87' lang='lat' dir='ltr'><strong>neque</strong></span> <span class='ocrx_word' id='word_1_31' title='bbox 1019 1933 1096 1994; x_wconf 87' lang='lat' dir='ltr'><strong>enim</strong></span> <span class='ocrx_word' id='word_1_32' title='bbox 1109 1931 1202 2013; x_wconf 88' lang='lat' dir='ltr'><strong>prima</strong></span> <span class='ocrx_word' id='word_1_33' title='bbox 1214 1949 1281 2010; x_wconf 93' lang='lat' dir='ltr'><strong>pro·</strong></span> 
     </span>
     <span class='ocr_line' id='line_1_6' title="bbox 240 2018 1280 2121; baseline -0.003 -23"><span class='ocrx_word' id='word_1_34' title='bbox 240 2018 331 2098; x_wconf 67' lang='lat' dir='ltr'><strong>sodiae&#39;</strong></span> <span class='ocrx_word' id='word_1_35' title='bbox 348 2038 494 2098; x_wconf 84' lang='lat' dir='ltr'><strong>elementa</strong></span> <span class='ocrx_word' id='word_1_36' title='bbox 507 2039 623 2098; x_wconf 80' lang='lat' dir='ltr'><strong>tradere</strong></span> <span class='ocrx_word' id='word_1_37' title='bbox 643 2038 727 2114; x_wconf 89' lang='lat' dir='ltr'><strong>hujus</strong></span> <span class='ocrx_word' id='word_1_38' title='bbox 747 2040 868 2100; x_wconf 88' lang='lat' dir='ltr'><strong>instituti</strong></span> <span class='ocrx_word' id='word_1_39' title='bbox 889 2051 943 2100; x_wconf 88' lang='lat' dir='ltr'><strong>est.</strong></span> <span class='ocrx_word' id='word_1_40' title='bbox 983 2041 1041 2121; x_wconf 77' lang='lat' dir='ltr'><strong>Qui</strong></span> <span class='ocrx_word' id='word_1_41' title='bbox 1058 2039 1092 2100; x_wconf 90' lang='lat' dir='ltr'><strong>iis</strong></span> <span class='ocrx_word' id='word_1_42' title='bbox 1113 2039 1214 2100; x_wconf 83' lang='lat' dir='ltr'><strong>leviter</strong></span> <span class='ocrx_word' id='word_1_43' title='bbox 1227 2037 1280 2096; x_wconf 89' lang='lat' dir='ltr'><strong>im·</strong></span> 
     </span>
     <span class='ocr_line' id='line_1_7' title="bbox 240 2142 1280 2224; baseline 0 -23"><span class='ocrx_word' id='word_1_44' title='bbox 240 2143 327 2202; x_wconf 90' lang='lat' dir='ltr'><strong>butus</strong></span> <span class='ocrx_word' id='word_1_45' title='bbox 341 2153 396 2213; x_wconf 86' lang='lat' dir='ltr'><strong>est,</strong></span> <span class='ocrx_word' id='word_1_46' title='bbox 410 2143 491 2202; x_wconf 83' lang='lat' dir='ltr'><strong>novit</strong></span> <span class='ocrx_word' id='word_1_47' title='bbox 508 2144 627 2203; x_wconf 87' lang='lat' dir='ltr'><strong>brevem</strong></span> <span class='ocrx_word' id='word_1_48' title='bbox 646 2144 786 2223; x_wconf 73' lang='lat' dir='ltr'><strong>syllabam</strong></span> <span class='ocrx_word' id='word_1_49' title='bbox 800 2144 885 2204; x_wconf 88' lang='lat' dir='ltr'><strong>nnius</strong></span> <span class='ocrx_word' id='word_1_50' title='bbox 909 2163 972 2204; x_wconf 81' lang='lat' dir='ltr'><strong>esse</strong></span> <span class='ocrx_word' id='word_1_51' title='bbox 995 2143 1143 2224; x_wconf 88' lang='lat' dir='ltr'><strong>temporis,</strong></span> <span class='ocrx_word' id='word_1_52' title='bbox 1163 2142 1280 2220; x_wconf 80' lang='lat' dir='ltr'><strong>longam</strong></span> 
     </span>
     <span class='ocr_line' id='line_1_8' title="bbox 241 2246 1280 2329; baseline -0.001 -23"><span class='ocrx_word' id='word_1_53' title='bbox 241 2246 382 2317; x_wconf 77' lang='lat' dir='ltr'><strong>duorum3</strong></span> <span class='ocrx_word' id='word_1_54' title='bbox 412 2249 504 2327; x_wconf 86' lang='lat' dir='ltr'><strong>pedes</strong></span> <span class='ocrx_word' id='word_1_55' title='bbox 528 2260 627 2308; x_wconf 88' lang='lat' dir='ltr'><strong>autem</strong></span> <span class='ocrx_word' id='word_1_56' title='bbox 651 2269 688 2308; x_wconf 82' lang='lat' dir='ltr'><strong>ex</strong></span> <span class='ocrx_word' id='word_1_57' title='bbox 711 2250 830 2329; x_wconf 73' lang='lat' dir='ltr'><strong>syllabis</strong></span> <span class='ocrx_word' id='word_1_58' title='bbox 853 2249 1005 2328; x_wconf 85' lang='lat' dir='ltr'><strong>componi;</strong></span> <span class='ocrx_word' id='word_1_59' title='bbox 1025 2257 1055 2308; x_wconf 83' lang='lat' dir='ltr'><strong>et</strong></span> <span class='ocrx_word' id='word_1_60' title='bbox 1077 2269 1114 2308; x_wconf 86' lang='lat' dir='ltr'><strong>ex</strong></span> <span class='ocrx_word' id='word_1_61' title='bbox 1135 2247 1168 2306; x_wconf 88' lang='lat' dir='ltr'><strong>iis</strong></span> <span class='ocrx_word' id='word_1_62' title='bbox 1190 2265 1280 2306; x_wconf 84' lang='lat' dir='ltr'><strong>unum</strong></span> 
     </span>
     <span class='ocr_line' id='line_1_9' title="bbox 241 2328 1281 2434; baseline -0.002 -23"><span class='ocrx_word' id='word_1_63' title='bbox 241 2370 304 2411; x_wconf 88' lang='lat' dir='ltr'><strong>esse</strong></span> <span class='ocrx_word' id='word_1_64' title='bbox 327 2352 451 2412; x_wconf 85' lang='lat' dir='ltr'><strong>duorum</strong></span> <span class='ocrx_word' id='word_1_65' title='bbox 481 2328 654 2433; x_wconf 84' lang='lat' dir='ltr'><strong>temporirm,</strong></span> <span class='ocrx_word' id='word_1_66' title='bbox 677 2354 855 2434; x_wconf 79' lang='lat' dir='ltr'>pyrrichium</span> <span class='ocrx_word' id='word_1_67' title='bbox 867 2378 875 2426; x_wconf 88' lang='lat'>;</span> <span class='ocrx_word' id='word_1_68' title='bbox 909 2366 969 2415; x_wconf 87' lang='lat' dir='ltr'><strong>tres</strong></span> <span class='ocrx_word' id='word_1_69' title='bbox 990 2355 1086 2426; x_wconf 84' lang='lat' dir='ltr'><strong>trium,</strong></span> <span class='ocrx_word' id='word_1_70' title='bbox 1111 2351 1281 2420; x_wconf 81' lang='lat' dir='ltr'><strong>trochoeum,</strong></span> 
     </span>
     <span class='ocr_line' id='line_1_10' title="bbox 235 2456 1280 2540; baseline -0.003 -25"><span class='ocrx_word' id='word_1_71' title='bbox 235 2456 377 2532; x_wconf 79' lang='lat' dir='ltr'><strong>jambam,</strong></span> <span class='ocrx_word' id='word_1_72' title='bbox 398 2458 584 2539; x_wconf 66' lang='lat' dir='ltr'><strong>tribrachym</strong></span> <span class='ocrx_word' id='word_1_73' title='bbox 612 2470 746 2540; x_wconf 87' lang='lat' dir='ltr'><strong>quatuor,</strong></span> <span class='ocrx_word' id='word_1_74' title='bbox 767 2472 930 2539; x_wconf 88' lang='lat' dir='ltr'><strong>temporum</strong></span> <span class='ocrx_word' id='word_1_75' title='bbox 956 2469 1089 2538; x_wconf 84' lang='lat' dir='ltr'><strong>quatuor,</strong></span> <span class='ocrx_word' id='word_1_76' title='bbox 1109 2457 1280 2536; x_wconf 86' lang='lat' dir='ltr'><strong>spondeum,</strong></span> 
     </span>
     <span class='ocr_line' id='line_1_11' title="bbox 241 2558 1280 2644; baseline -0.005 -23"><span class='ocrx_word' id='word_1_77' title='bbox 241 2559 400 2640; x_wconf 81' lang='lat' dir='ltr'><strong>dactylum,</strong></span> <span class='ocrx_word' id='word_1_78' title='bbox 418 2574 607 2643; x_wconf 64' lang='lat' dir='ltr'><strong>anapestum,</strong></span> <span class='ocrx_word' id='word_1_79' title='bbox 629 2575 660 2624; x_wconf 86' lang='lat' dir='ltr'><strong>et</strong></span> <span class='ocrx_word' id='word_1_80' title='bbox 681 2563 930 2644; x_wconf 68' lang='lat' dir='ltr'><strong>amphibrachym</strong></span> <span class='ocrx_word' id='word_1_81' title='bbox 949 2562 1011 2638; x_wconf 87' lang='lat' dir='ltr'><strong>(sed</strong></span> <span class='ocrx_word' id='word_1_82' title='bbox 1031 2562 1079 2622; x_wconf 93' lang='lat' dir='ltr'><strong>hic</strong></span> <span class='ocrx_word' id='word_1_83' title='bbox 1103 2561 1218 2620; x_wconf 88' lang='lat' dir='ltr'><strong>ultimus</strong></span> <span class='ocrx_word' id='word_1_84' title='bbox 1242 2558 1280 2618; x_wconf 89' lang='lat' dir='ltr'><strong>ad</strong></span> 
     </span>
     <span class='ocr_line' id='line_1_12' title="bbox 242 2663 1282 2749; baseline -0.001 -27"><span class='ocrx_word' id='word_1_85' title='bbox 242 2675 338 2724; x_wconf 86' lang='lat' dir='ltr'><strong>metra</strong></span> <span class='ocrx_word' id='word_1_86' title='bbox 351 2664 528 2727; x_wconf 87' lang='lat' dir='ltr'><strong>Terentiana</strong></span> <span class='ocrx_word' id='word_1_87' title='bbox 545 2667 736 2747; x_wconf 79' lang='lat' dir='ltr'><strong>intelligenda</strong></span> <span class='ocrx_word' id='word_1_88' title='bbox 755 2689 873 2749; x_wconf 88' lang='lat' dir='ltr'><strong>prorsus</strong></span> <span class='ocrx_word' id='word_1_89' title='bbox 893 2667 1011 2744; x_wconf 84' lang='lat' dir='ltr'><strong>inutilis)</strong></span> <span class='ocrx_word' id='word_1_90' title='bbox 1027 2677 1087 2726; x_wconf 84' lang='lat' dir='ltr'><strong>tres</strong></span> <span class='ocrx_word' id='word_1_91' title='bbox 1107 2685 1144 2724; x_wconf 83' lang='lat' dir='ltr'><strong>ox</strong></span> <span class='ocrx_word' id='word_1_92' title='bbox 1159 2663 1282 2744; x_wconf 87' lang='lat' dir='ltr'><strong>pedibus</strong></span> 
     </span>
     <span class='ocr_line' id='line_1_13' title="bbox 242 2767 1280 2854; baseline 0.002 -27"><span class='ocrx_word' id='word_1_93' title='bbox 242 2767 417 2848; x_wconf 69' lang='lat' dir='ltr'><strong>simplicibus</strong></span> <span class='ocrx_word' id='word_1_94' title='bbox 431 2771 559 2853; x_wconf 89' lang='lat' dir='ltr'><strong>quinque</strong></span> <span class='ocrx_word' id='word_1_95' title='bbox 572 2783 747 2854; x_wconf 88' lang='lat' dir='ltr'><strong>temporum,</strong></span> <span class='ocrx_word' id='word_1_96' title='bbox 758 2771 920 2845; x_wconf 86' lang='lat' dir='ltr'><strong>bacchium,</strong></span> <span class='ocrx_word' id='word_1_97' title='bbox 934 2771 1157 2842; x_wconf 78' lang='lat' dir='ltr'><strong>antibacchium,</strong></span> <span class='ocrx_word' id='word_1_98' title='bbox 1172 2779 1202 2830; x_wconf 88' lang='lat' dir='ltr'><strong>et</strong></span> <span class='ocrx_word' id='word_1_99' title='bbox 1217 2787 1280 2830; x_wconf 91' lang='lat' dir='ltr'><strong>cre·</strong></span> 
     </span>
     <span class='ocr_line' id='line_1_14' title="bbox 242 2874 1281 2959; baseline -0.002 -25"><span class='ocrx_word' id='word_1_100' title='bbox 242 2874 351 2946; x_wconf 70' lang='lat' dir='ltr'><strong>timim,</strong></span> <span class='ocrx_word' id='word_1_101' title='bbox 370 2896 461 2935; x_wconf 88' lang='lat' dir='ltr'><strong>unum</strong></span> <span class='ocrx_word' id='word_1_102' title='bbox 483 2877 610 2957; x_wconf 83' lang='lat' dir='ltr'><strong>denique</strong></span> <span class='ocrx_word' id='word_1_103' title='bbox 633 2897 687 2937; x_wconf 84' lang='lat' dir='ltr'><strong>sex</strong></span> <span class='ocrx_word' id='word_1_104' title='bbox 711 2898 776 2939; x_wconf 89' lang='lat' dir='ltr'><strong>esse</strong></span> <span class='ocrx_word' id='word_1_105' title='bbox 796 2889 966 2959; x_wconf 88' lang='lat' dir='ltr'><strong>temporum,</strong></span> <span class='ocrx_word' id='word_1_106' title='bbox 985 2897 1097 2957; x_wconf 82' lang='lat' dir='ltr'><strong>nempe,</strong></span> <span class='ocrx_word' id='word_1_107' title='bbox 1106 2876 1281 2936; x_wconf 87' lang='lat' dir='ltr'><strong>molossum:</strong></span> 
     </span>
     <span class='ocr_line' id='line_1_15' title="bbox 241 2974 1306 3065; baseline -0.006 -24"><span class='ocrx_word' id='word_1_108' title='bbox 241 2981 295 3041; x_wconf 91' lang='lat' dir='ltr'><strong>sed</strong></span> <span class='ocrx_word' id='word_1_109' title='bbox 306 2980 337 3040; x_wconf 90' lang='lat' dir='ltr'><strong>hi</strong></span> <span class='ocrx_word' id='word_1_110' title='bbox 355 2992 481 3061; x_wconf 86' lang='lat' dir='ltr'><strong>quatuor</strong></span> <span class='ocrx_word' id='word_1_111' title='bbox 493 2983 533 3043; x_wconf 88' lang='lat' dir='ltr'><strong>ad</strong></span> <span class='ocrx_word' id='word_1_112' title='bbox 544 2983 709 3063; x_wconf 73' lang='lat' dir='ltr'><strong>poeoniorum</strong></span> <span class='ocrx_word' id='word_1_113' title='bbox 728 3002 823 3062; x_wconf 76' lang='lat' dir='ltr'><strong>genus</strong></span> <span class='ocrx_word' id='word_1_114' title='bbox 845 2994 986 3065; x_wconf 85' lang='lat' dir='ltr'><strong>spectant,</strong></span> <span class='ocrx_word' id='word_1_115' title='bbox 1012 2983 1050 3043; x_wconf 84' lang='lat' dir='ltr'><strong>dc</strong></span> <span class='ocrx_word' id='word_1_116' title='bbox 1067 3001 1127 3061; x_wconf 87' lang='lat' dir='ltr'><strong>quo</strong></span> <span class='ocrx_word' id='word_1_117' title='bbox 1150 2978 1220 3039; x_wconf 90' lang='lat' dir='ltr'><strong>nihil</strong></span> <span class='ocrx_word' id='word_1_118' title='bbox 1233 2974 1282 3035; x_wconf 91' lang='lat' dir='ltr'><strong>hic</strong></span> <span class='ocrx_word' id='word_1_119' title='bbox 1298 3044 1306 3051; x_wconf 49' lang='grc'>,</span> 
     </span>
     <span class='ocr_line' id='line_1_16' title="bbox 242 3084 1002 3146; baseline -0.003 -1"><span class='ocrx_word' id='word_1_120' title='bbox 242 3084 370 3145; x_wconf 83' lang='lat' dir='ltr'><strong>dicturus</strong></span> <span class='ocrx_word' id='word_1_121' title='bbox 381 3106 456 3146; x_wconf 84' lang='lat' dir='ltr'><strong>sum.</strong></span> <span class='ocrx_word' id='word_1_122' title='bbox 574 3094 580 3109; x_wconf 80' lang='lat'>‘</span> <span class='ocrx_word' id='word_1_123' title='bbox 999 3106 1002 3119; x_wconf 92' lang='lat'>·</span> 
     </span>
    </p>

    <p class='ocr_par' dir='ltr' id='par_1_4' title="bbox 181 3184 1283 3461">
     <span class='ocr_line' id='line_1_17' title="bbox 181 3184 1283 3272; baseline -0.005 -22"><span class='ocrx_word' id='word_1_124' title='bbox 181 3245 185 3251; x_wconf 89' lang='lat'>.</span> <span class='ocrx_word' id='word_1_125' title='bbox 282 3190 453 3271; x_wconf 80' lang='lat' dir='ltr'><strong>Expedum</strong></span> <span class='ocrx_word' id='word_1_126' title='bbox 465 3190 684 3272; x_wconf 72' lang='lat' dir='ltr'><strong>dissyllaborum</strong></span> <span class='ocrx_word' id='word_1_127' title='bbox 711 3192 906 3272; x_wconf 76' lang='lat' dir='ltr'><strong>geminatione</strong></span> <span class='ocrx_word' id='word_1_128' title='bbox 929 3193 976 3253; x_wconf 83' lang='lat' dir='ltr'><strong>vel</strong></span> <span class='ocrx_word' id='word_1_129' title='bbox 1001 3190 1205 3267; x_wconf 80' lang='lat' dir='ltr'><strong>conjunctione</strong></span> <span class='ocrx_word' id='word_1_130' title='bbox 1227 3184 1283 3247; x_wconf 89' lang='lat' dir='ltr'><strong>ori-</strong></span> 
     </span>
     <span class='ocr_line' id='line_1_18' title="bbox 242 3296 1282 3377; baseline -0.006 -23"><span class='ocrx_word' id='word_1_131' title='bbox 242 3306 328 3354; x_wconf 85' lang='lat' dir='ltr'><strong>untur</strong></span> <span class='ocrx_word' id='word_1_132' title='bbox 340 3307 444 3368; x_wconf 88' lang='lat' dir='ltr'><strong>metra,</strong></span> <span class='ocrx_word' id='word_1_133' title='bbox 467 3317 533 3377; x_wconf 82' lang='lat' dir='ltr'><strong>quoe</strong></span> <span class='ocrx_word' id='word_1_134' title='bbox 551 3297 648 3357; x_wconf 71' lang='lat' dir='ltr'><strong>Graeci</strong></span> <span class='ocrx_word' id='word_1_135' title='bbox 661 3297 789 3367; x_wconf 80' lang='grc' dir='ltr'>διποδίας</span> <span class='ocrx_word' id='word_1_136' title='bbox 802 3319 856 3360; x_wconf 89' lang='lat' dir='ltr'><strong>seu</strong></span> <span class='ocrx_word' id='word_1_137' title='bbox 871 3302 1006 3374; x_wconf 75' lang='grc' dir='ltr'><strong><em>συζυγίας</em></strong></span> <span class='ocrx_word' id='word_1_138' title='bbox 1030 3296 1140 3366; x_wconf 83' lang='lat' dir='ltr'><strong>disere,</strong></span> <span class='ocrx_word' id='word_1_139' title='bbox 1162 3308 1282 3352; x_wconf 85' lang='lat' dir='ltr'><strong>numero</strong></span> 
     </span>
     <span class='ocr_line' id='line_1_19' title="bbox 243 3400 1026 3461; baseline -0.005 0"><span class='ocrx_word' id='word_1_140' title='bbox 243 3400 379 3461; x_wconf 78' lang='lat' dir='ltr'><strong>sedecim.</strong></span> <span class='ocrx_word' id='word_1_141' title='bbox 1022 3414 1026 3419; x_wconf 89' lang='lat'>·</span> 
     </span>
    </p>

    <p class='ocr_par' dir='ltr' id='par_1_5' title="bbox 244 3490 1363 3794">
     <span class='ocr_line' id='line_1_20' title="bbox 284 3490 1363 3588; baseline -0.008 -21"><span class='ocrx_word' id='word_1_142' title='bbox 284 3510 312 3567; x_wconf 90' lang='lat' dir='ltr'><strong>l.</strong></span> <span class='ocrx_word' id='word_1_143' title='bbox 332 3506 381 3565; x_wconf 85' lang='lat' dir='ltr'><strong>Ex</strong></span> <span class='ocrx_word' id='word_1_144' title='bbox 402 3506 548 3587; x_wconf 83' lang='lat' dir='ltr'><strong>pyrrichio</strong></span> <span class='ocrx_word' id='word_1_145' title='bbox 571 3506 717 3586; x_wconf 77' lang='lat' dir='ltr'><strong>geminato</strong></span> <span class='ocrx_word' id='word_1_146' title='bbox 743 3507 776 3567; x_wconf 86' lang='lat' dir='ltr'><strong>fit</strong></span> <span class='ocrx_word' id='word_1_147' title='bbox 797 3505 1082 3588; x_wconf 75' lang='lat' dir='ltr'><strong>proceleusmaticus,</strong></span> <span class='ocrx_word' id='word_1_148' title='bbox 1104 3498 1282 3581; x_wconf 86' lang='lat' dir='ltr'><strong>temporibus</strong></span> <span class='ocrx_word' id='word_1_149' title='bbox 1360 3490 1363 3497; x_wconf 83' lang='grc'><strong>’</strong></span> 
     </span>
     <span class='ocr_line' id='line_1_21' title="bbox 244 3603 1282 3692; baseline -0.008 -21"><span class='ocrx_word' id='word_1_150' title='bbox 244 3610 372 3690; x_wconf 77' lang='lat' dir='ltr'><strong>spondeo</strong></span> <span class='ocrx_word' id='word_1_151' title='bbox 381 3612 512 3692; x_wconf 81' lang='lat' dir='ltr'><strong>aequalis,</strong></span> <span class='ocrx_word' id='word_1_152' title='bbox 525 3611 658 3692; x_wconf 81' lang='lat' dir='ltr'><strong>adeoque</strong></span> <span class='ocrx_word' id='word_1_153' title='bbox 675 3611 707 3671; x_wconf 91' lang='lat' dir='ltr'><strong>in</strong></span> <span class='ocrx_word' id='word_1_154' title='bbox 721 3611 894 3691; x_wconf 88' lang='lat' dir='ltr'><strong>simplicium</strong></span> <span class='ocrx_word' id='word_1_155' title='bbox 913 3610 1022 3691; x_wconf 88' lang='lat' dir='ltr'><strong>pedum</strong></span> <span class='ocrx_word' id='word_1_156' title='bbox 1043 3624 1164 3668; x_wconf 89' lang='lat' dir='ltr'><strong>numero</strong></span> <span class='ocrx_word' id='word_1_157' title='bbox 1178 3603 1282 3665; x_wconf 87' lang='lat' dir='ltr'><strong>merito</strong></span> 
     </span>
     <span class='ocr_line' id='line_1_22' title="bbox 244 3716 407 3794; baseline 0.012 -20"><span class='ocrx_word' id='word_1_158' title='bbox 244 3716 407 3794; x_wconf 88' lang='lat' dir='ltr'><strong>ponendus.</strong></span> 
     </span>
    </p>

    <p class='ocr_par' dir='ltr' id='par_1_6' title="bbox 282 3811 1263 3900">
     <span class='ocr_line' id='line_1_23' title="bbox 282 3811 1263 3900; baseline -0.013 -18"><span class='ocrx_word' id='word_1_159' title='bbox 282 3824 313 3882; x_wconf 73' lang='grc'><strong>2.</strong></span> <span class='ocrx_word' id='word_1_160' title='bbox 335 3820 383 3879; x_wconf 82' lang='lat' dir='ltr'><strong>Ex</strong></span> <span class='ocrx_word' id='word_1_161' title='bbox 397 3820 546 3900; x_wconf 78' lang='lat' dir='ltr'><strong>geminato</strong></span> <span class='ocrx_word' id='word_1_162' title='bbox 558 3820 693 3892; x_wconf 73' lang='lat' dir='ltr'><strong>rochaeo,</strong></span> <span class='ocrx_word' id='word_1_163' title='bbox 707 3818 1004 3891; x_wconf 69' lang='lat' dir='ltr'><strong>trochaeo-trochaeus,</strong></span> <span class='ocrx_word' id='word_1_164' title='bbox 1018 3834 1069 3876; x_wconf 84' lang='lat' dir='ltr'><strong>seu</strong></span> <span class='ocrx_word' id='word_1_165' title='bbox 1080 3811 1263 3875; x_wconf 78' lang='lat' dir='ltr'><strong>ditrochaeus.</strong></span> 
     </span>
    </p>

    <p class='ocr_par' dir='ltr' id='par_1_7' title="bbox 281 3924 834 4006">
     <span class='ocr_line' id='line_1_24' title="bbox 281 3924 834 4006; baseline -0.007 -19"><span class='ocrx_word' id='word_1_166' title='bbox 281 3930 312 3987; x_wconf 77' lang='grc'><strong>8.</strong></span> <span class='ocrx_word' id='word_1_167' title='bbox 333 3926 380 3985; x_wconf 87' lang='lat' dir='ltr'><strong>Ex</strong></span> <span class='ocrx_word' id='word_1_168' title='bbox 395 3926 543 4006; x_wconf 77' lang='lat' dir='ltr'><strong>geminato</strong></span> <span class='ocrx_word' id='word_1_169' title='bbox 552 3926 664 4004; x_wconf 73' lang='lat' dir='ltr'><strong>iambo,</strong></span> <span class='ocrx_word' id='word_1_170' title='bbox 678 3924 834 4003; x_wconf 86' lang='lat' dir='ltr'><strong>dijambus.</strong></span> 
     </span>
    </p>

    <p class='ocr_par' dir='ltr' id='par_1_8' title="bbox 283 4028 887 4110">
     <span class='ocr_line' id='line_1_25' title="bbox 283 4028 887 4110; baseline -0.007 -20"><span class='ocrx_word' id='word_1_171' title='bbox 283 4036 313 4091; x_wconf 81' lang='lat'><strong>4.</strong></span> <span class='ocrx_word' id='word_1_172' title='bbox 335 4030 383 4090; x_wconf 83' lang='lat' dir='ltr'><strong>Ex</strong></span> <span class='ocrx_word' id='word_1_173' title='bbox 397 4030 545 4110; x_wconf 80' lang='lat' dir='ltr'><strong>geminato</strong></span> <span class='ocrx_word' id='word_1_174' title='bbox 554 4030 693 4110; x_wconf 86' lang='lat' dir='ltr'><strong>spondeo,</strong></span> <span class='ocrx_word' id='word_1_175' title='bbox 702 4028 887 4108; x_wconf 88' lang='lat' dir='ltr'><strong>dispondeus.</strong></span> 
     </span>
    </p>

    <p class='ocr_par' dir='ltr' id='par_1_9' title="bbox 283 4120 967 4216">
     <span class='ocr_line' id='line_1_26' title="bbox 283 4120 967 4216; baseline -0.009 -20"><span class='ocrx_word' id='word_1_176' title='bbox 283 4140 315 4196; x_wconf 76' lang='grc' dir='ltr'><strong>ὃ.</strong></span> <span class='ocrx_word' id='word_1_177' title='bbox 335 4120 384 4194; x_wconf 73' lang='lat' dir='ltr'><strong>lix</strong></span> <span class='ocrx_word' id='word_1_178' title='bbox 396 4136 526 4195; x_wconf 76' lang='lat' dir='ltr'><strong>trochsio</strong></span> <span class='ocrx_word' id='word_1_179' title='bbox 539 4145 571 4195; x_wconf 83' lang='lat' dir='ltr'><strong>ct</strong></span> <span class='ocrx_word' id='word_1_180' title='bbox 581 4135 737 4216; x_wconf 90' lang='lat' dir='ltr'><strong>pyrrichio,</strong></span> <span class='ocrx_word' id='word_1_181' title='bbox 748 4153 834 4214; x_wconf 79' lang='lat' dir='ltr'><strong>paeon</strong></span> <span class='ocrx_word' id='word_1_182' title='bbox 847 4132 967 4213; x_wconf 89' lang='lat' dir='ltr'><strong>primus.</strong></span> 
     </span>
    </p>

    <p class='ocr_par' dir='ltr' id='par_1_10' title="bbox 282 4238 962 4321">
     <span class='ocr_line' id='line_1_27' title="bbox 282 4238 962 4321; baseline -0.013 -16"><span class='ocrx_word' id='word_1_183' title='bbox 282 4248 315 4305; x_wconf 87' lang='grc'><strong>6.</strong></span> <span class='ocrx_word' id='word_1_184' title='bbox 336 4240 536 4321; x_wconf 84' lang='lat' dir='ltr'><strong>Expyrrichio</strong></span> <span class='ocrx_word' id='word_1_185' title='bbox 552 4251 583 4300; x_wconf 86' lang='lat' dir='ltr'><strong>et</strong></span> <span class='ocrx_word' id='word_1_186' title='bbox 598 4240 740 4313; x_wconf 84' lang='lat' dir='ltr'><strong>trochaeo,</strong></span> <span class='ocrx_word' id='word_1_187' title='bbox 752 4258 837 4319; x_wconf 84' lang='lat' dir='ltr'><strong>poeon</strong></span> <span class='ocrx_word' id='word_1_188' title='bbox 851 4238 962 4297; x_wconf 84' lang='lat' dir='ltr'><strong>tertius.</strong></span> 
     </span>
    </p>

    <p class='ocr_par' dir='ltr' id='par_1_11' title="bbox 282 4342 968 4427">
     <span class='ocr_line' id='line_1_28' title="bbox 282 4342 968 4427; baseline -0.015 -15"><span class='ocrx_word' id='word_1_189' title='bbox 282 4352 314 4413; x_wconf 87' lang='lat'><strong>7.</strong></span> <span class='ocrx_word' id='word_1_190' title='bbox 334 4348 492 4423; x_wconf 84' lang='lat' dir='ltr'><strong>Exjambo</strong></span> <span class='ocrx_word' id='word_1_191' title='bbox 502 4358 534 4407; x_wconf 84' lang='lat' dir='ltr'><strong>et</strong></span> <span class='ocrx_word' id='word_1_192' title='bbox 546 4346 702 4427; x_wconf 90' lang='lat' dir='ltr'><strong>pyrrichio,</strong></span> <span class='ocrx_word' id='word_1_193' title='bbox 717 4364 801 4425; x_wconf 71' lang='lat' dir='ltr'><strong>peon</strong></span> <span class='ocrx_word' id='word_1_194' title='bbox 815 4342 968 4405; x_wconf 87' lang='lat' dir='ltr'><strong>secundus.</strong></span> 
     </span>
    </p>

    <p class='ocr_par' dir='ltr' id='par_1_12' title="bbox 283 4452 1021 4534">
     <span class='ocr_line' id='line_1_29' title="bbox 283 4452 1021 4534; baseline -0.012 -19"><span class='ocrx_word' id='word_1_195' title='bbox 283 4459 315 4516; x_wconf 82' lang='grc'><strong>8.</strong></span> <span class='ocrx_word' id='word_1_196' title='bbox 335 4454 386 4513; x_wconf 84' lang='lat' dir='ltr'><strong>Ex</strong></span> <span class='ocrx_word' id='word_1_197' title='bbox 398 4452 543 4534; x_wconf 84' lang='lat' dir='ltr'><strong>pyrrichio</strong></span> <span class='ocrx_word' id='word_1_198' title='bbox 556 4462 586 4512; x_wconf 86' lang='lat' dir='ltr'><strong>et</strong></span> <span class='ocrx_word' id='word_1_199' title='bbox 593 4453 704 4530; x_wconf 90' lang='lat' dir='ltr'><strong>jambo,</strong></span> <span class='ocrx_word' id='word_1_200' title='bbox 715 4470 800 4531; x_wconf 80' lang='lat' dir='ltr'><strong>poeon</strong></span> <span class='ocrx_word' id='word_1_201' title='bbox 812 4459 945 4531; x_wconf 88' lang='lat' dir='ltr'><strong>quartus.</strong></span> <span class='ocrx_word' id='word_1_202' title='bbox 1020 4494 1021 4499; x_wconf 31' lang='lat'>1</span> 
     </span>
    </p>

    <p class='ocr_par' dir='ltr' id='par_1_13' title="bbox 248 4555 902 4729">
     <span class='ocr_line' id='line_1_30' title="bbox 285 4555 902 4636; baseline -0.015 -14"><span class='ocrx_word' id='word_1_203' title='bbox 285 4566 317 4622; x_wconf 89' lang='grc'><strong>9.</strong></span> <span class='ocrx_word' id='word_1_204' title='bbox 337 4560 387 4620; x_wconf 82' lang='lat' dir='ltr'><strong>Ex</strong></span> <span class='ocrx_word' id='word_1_205' title='bbox 400 4558 530 4621; x_wconf 74' lang='lat' dir='ltr'><strong>trocheo</strong></span> <span class='ocrx_word' id='word_1_206' title='bbox 544 4570 575 4620; x_wconf 90' lang='lat' dir='ltr'><strong>et</strong></span> <span class='ocrx_word' id='word_1_207' title='bbox 583 4560 695 4636; x_wconf 90' lang='lat' dir='ltr'><strong>jambo,</strong></span> <span class='ocrx_word' id='word_1_208' title='bbox 707 4555 902 4617; x_wconf 85' lang='lat' dir='ltr'><strong>choriambus.</strong></span> 
     </span>
     <span class='ocr_line' id='line_1_31' title="bbox 248 4662 870 4729; baseline -0.003 -2"><span class='ocrx_word' id='word_1_209' title='bbox 248 4685 323 4727; x_wconf 77' lang='lat' dir='ltr'><strong>vor..</strong></span> <span class='ocrx_word' id='word_1_210' title='bbox 338 4685 377 4729; x_wconf 86' lang='lat' dir='ltr'><strong>rr.</strong></span> <span class='ocrx_word' id='word_1_211' title='bbox 809 4676 834 4717; x_wconf 72' lang='grc' dir='ltr'><strong>Μ</strong></span> <span class='ocrx_word' id='word_1_212' title='bbox 850 4662 870 4701; x_wconf 71' lang='lat'>¹</span> 
     </span>
    </p>
   </div>
   <div class='ocr_carea' id='block_1_4' title="bbox 0 0 1664 5575">
    <p class='ocr_par' dir='ltr' id='par_1_14' title="bbox 0 0 1664 5575">
     <span class='ocr_line' id='line_1_32' title="bbox 0 0 1664 5575; baseline 0 0"><span class='ocrx_word' id='word_1_213' title='bbox 0 0 1664 5575; x_wconf 95' lang='lat' dir='ltr'><strong> </strong></span> 
     </span>
    </p>
   </div>
  </div>
 </body>
</html>
