3292 5575
517 780 583 843 un
612 783 805 844 unsara
831 744 1196 874 ¹unrrrrurrnurs.
1297 792 1355 852 .n

354 962 528 1043 rq'uuaturr
547 975 708 1042 qaoetcmcn
724 967 1001 1046 mlocgmeremnt
1014 969 1233 1047 eleganti-imur
1251 973 1354 1049 utplus

353 1061 439 1120 antae
449 1061 576 1121 laddum
586 1063 697 1141 gratia,
711 1065 736 1122 si
749 1065 823 1124 intra
837 1079 931 1122 uersus
943 1060 1082 1122 trimetros
1093 1062 1240 1124 aterum.
1288 1065 1353 1128 Mi·

352 1155 464 1216 rificum
477 1175 549 1219 sane
560 1161 660 1238 magni
682 1161 806 1222 rhetoris
823 1157 989 1237 judicium!
1031 1159 1162 1240 Optahat
1180 1160 1302 1234 scilicet,
1317 1173 1351 1223 ut

351 1252 666 1330 andetennam,
680 1278 746 1338 quaa
758 1257 789 1320 in
800 1257 895 1339 primo
918 1259 1059 1336 cujusque
1078 1267 1149 1324 actu
1166 1268 1200 1320 et
1220 1275 1311 1320 scena
1331 1279 1351 1322 a

350 1348 488 1411 trimetris
513 1351 693 1424 inchoanuu,
719 1353 826 1417 οοᾰοω
852 1361 947 1414 metro
973 1370 1010 1415 ac
1035 1363 1140 1414 tenore
1164 1371 1218 1432 per
1246 1373 1349 1417 omnes

349 1457 432 1506 actua
457 1466 622 1528 scenasque
645 1448 885 1520 decucurrissent.
928 1446 1074 1510 Crederes
1097 1447 1233 1526 profecto
1257 1450 1347 1513 homi·

348 1563 417 1603 nem
437 1565 587 1624 nunquam
606 1560 725 1606 scenam
746 1543 863 1617 vidisse,
885 1558 1035 1628 nunquam
1060 1546 1227 1620 comoedum
1250 1558 1348 1627 partes

349 1657 417 1700 suaa
438 1651 575 1718 agentern
595 1639 784 1721 spectavisse.
824 1641 906 1710 Quid
918 1641 1031 1701 voluit?
1053 1639 1134 1722 quod
1146 1660 1203 1703 nec
1218 1641 1346 1706 Menan-

349 1736 402 1798 der
422 1757 480 1798 nec
498 1737 576 1798 allus
590 1737 763 1799 Groecorum
774 1737 855 1809 iecit,
871 1737 1025 1800 Terentina
1039 1749 1073 1798 ut
1084 1735 1222 1802 lacerati
1241 1751 1276 1800 ut
1291 1741 1344 1817 ira,

348 1843 453 1907 metus,
469 1834 636 1908 exsultatio,
650 1833 745 1907 dolor,
758 1834 915 1915 gaudium:
937 1846 968 1894 et
977 1835 1085 1915 qadetae
1098 1855 1146 1898 res
1162 1847 1194 1898 et
1208 1838 1345 1918 turbate,

347 1929 454 1998 eodem
467 1942 563 1993 metro
574 1931 655 2002 lente
667 1931 847 2011 agerentur?
873 1941 907 1992 ut
927 1932 1039 1996 tibicen
1055 1933 1172 2014 paribus
1188 1935 1264 1998 tonis
1278 1957 1345 2016 per·

345 2037 496 2107 pannoque
509 2027 626 2089 madeo
637 2029 835 2110 spectantium
852 2047 937 2089 aures
957 2029 1004 2090 uel
1018 2029 1180 2092 delassaret
1192 2033 1240 2092 vel
1253 2033 1344 2094 offen·

345 2123 450 2186 deret?
490 2125 618 2188 Tantum
632 2128 724 2198 abeat,
739 2137 773 2189 ut
786 2146 823 2191 eo
835 2137 923 2210 pacto
944 2129 1008 2206 pluas
1018 2129 1120 2208 patin
1132 2130 1261 2190 latitura
1273 2139 1342 2214 aret

333 2223 447 2303 sadda,
463 2234 497 2284 ut
508 2223 692 2305 quantumvis
704 2225 782 2284 hene
795 2233 917 2297 morata,
930 2225 1113 2308 quantumvis
1129 2225 1207 2289 helle
1222 2227 1340 2308 scripta,

341 2320 468 2398 gretiam
486 2339 604 2401 prorsus
624 2326 742 2383 omnem
760 2320 947 2402 perdidisset.
997 2321 1034 2382 ld
1047 2323 1131 2403 primi
1152 2323 1222 2384 artis
1241 2344 1340 2405 reper-

342 2426 422 2477 tores
434 2417 558 2498 pulchre
577 2418 733 2491 videbun
755 2418 944 2480 delectabant
964 2436 1037 2498 ergo
1048 2417 1190 2484 varietate
1203 2419 1276 2500 ipsa,
1297 2421 1342 2482 di-

342 2531 485 2592 veraaqua
510 2514 568 2588 adr,
594 2519 641 2574 καὶ
667 2513 749 2588 πάθη
778 2515 891 2576 damac
919 2515 1049 2576 carmine
1079 2519 1340 2596 repraesentabant.

343 2608 457 2672 Mariua
470 2609 649 2683 Victorinus,
672 2631 703 2690 p.
716 2612 807 2672 2500.
848 2611 925 2670 Num
943 2620 970 2670 et
988 2611 1139 2672 Menander
1162 2613 1191 2671 in
1208 2613 1341 2672 comediis

332 2707 497 2786 frequenter
509 2729 527 2768 α
539 2705 704 2768 continuatis
712 2705 844 2786 jaruhicis
864 2707 985 2766 uersibus
1005 2707 1042 2766 ad
1060 2707 1212 2791 ¹trochaicae
1229 2709 1338 2782 transit,

341 2813 370 2863 et
380 2825 489 2865 rursm
501 2806 687 2883 adjurnhicos·
699 2803 780 2865 redit.
820 2801 891 2863 Non
904 2804 946 2863 ita
958 2814 1058 2865 umen
1070 2804 1198 2883 agebant
1210 2814 1337 2879 veteres,

341 2912 374 2963 ut
386 2903 424 2963 ah
443 2922 504 2964 uno
516 2902 548 2966 in
565 2902 644 2967 aliud
660 2903 748 2983 plane
771 2900 948 2961 contrarium
969 2911 1091 2979 repente
1115 2900 1251 2962 exilirent
1261 2922 1270 2973 ς
1299 2901 1337 2963 ah

336 3000 471 3079 jambicia
493 3001 523 3060 in
547 2999 729 3081 dactylicoa;
757 2998 811 3060 sad
830 2996 861 3057 in
880 2996 1055 3085 propinquos
1078 2996 1252 3070 trochaicus,
1274 2994 1338 3079 ipso

338 3097 462 3158 nandtu
475 3117 560 3177 poene
572 3096 703 3158 fallente.
724 3094 813 3164 Quod
827 3102 860 3157 ut
874 3092 980 3153 clarius
994 3092 1205 3175 conspiciaturr
1220 3096 1337 3155 omnem

340 3192 547 3255 Terentianum
561 3194 674 3275 copiam
686 3192 738 3253 hic
760 3190 871 3260 sistam,
889 3208 1006 3271 unoque
1026 3201 1058 3251 et
1079 3190 1183 3252 eodem
1200 3190 1278 3273 pede
1292 3188 1337 3251 dl·

339 3288 473 3351 trochaeo
484 3291 646 3352 universam
654 3290 718 3350 lere
733 3287 863 3349 emetiar.

377 3386 458 3448 Illud
469 3398 570 3449 tamen
589 3386 670 3468 prins
687 3382 924 3453 admonendum
945 3395 979 3444 ut
1001 3404 1020 3445 a
1042 3383 1181 3447 trimetris¹
1204 3404 1271 3448 suaa
1291 3386 1336 3449 fa'-

337 3482 432 3556 hulas,
453 3485 541 3545 rebus
561 3485 764 3557 sedatioribus,
793 3491 923 3542 nostrum
955 3482 1128 3552 inchoasse:
1155 3482 1197 3549 ita
1211 3471 1336 3565 'semper

338 3581 515 3643 naamanin
533 3580 650 3653 finiaa'e3
674 3580 756 3662 quod
767 3578 875 3640 lahulm
898 3579 1092 3659 catastrophe,
1114 3599 1182 3645 cum¹
1203 3598 1251 3641 res
1271 3593 1335 3641 tur.

337 3678 468 3743 umente
477 3678 621 3760 pandatim
640 3687 670 3739 et
682 3696 762 3758 aegre
775 3678 1011 3750 consilescerent,
1025 3676 1083 3737 hoc
1095 3674 1228 3736 carminis
1241 3696 1335 3758 genus

336 3775 508 3857 postularet,
519 3794 627 3855 magno
639 3773 740 3855 spiritu
750 3774 967 3838 effundendum.
1007 3773 1074 3833 Prae
1088 3762 1221 3834 omnibus
1234 3784 1335 3835 tamen

337 3871 480 3932 trochaici
505 3872 584 3952 pleni
607 3871 723 3931 firmum
743 3872 849 3935 actoris
869 3874 945 3934 latua
967 3868 1174 3951 requirebant;
1195 3868 1335 3950 quinum.

336 3988 425 4049 quam
437 3968 549 4032 scilicet
560 3968 617 4028 nisi
628 3966 660 4029 in
672 3968 798 4029 maximo
811 3970 966 4035 affectuum
978 3978 1092 4029 tumore
1105 3964 1227 4027 veniunt
1234 3986 1243 4035 ι
1264 3966 1334 4031 effe-

335 4065 430 4139 rendi,
450 4084 511 4128 non
529 4076 564 4127 ut
582 4064 700 4154 quidam
718 4076 879 4139 autumant,
899 4066 976 4125 tarde
995 4066 1124 4141 doteque
1145 4060 1199 4121 sed
1219 4062 1334 4122 claruere

334 4183 446 4235 mmo,
459 4182 520 4246 cum
536 4162 625 4222 lohere
645 4182 777 4225 maruno.
818 4162 910 4225 Unda
928 4161 1048 4232 iactum,
1068 4170 1102 4220 ut
1121 4178 1189 4218 cum
1212 4159 1283 4221 alias
1301 4158 1332 4220 in

336 4256 447 4340 διποδίᾳ
467 4258 592 4339 spondei
612 4258 660 4319 vel
682 4259 821 4341 anapaesti
844 4258 1024 4343 placuerint;
1043 4256 1074 4317 in
1091 4256 1136 4315 hia
1149 4254 1272 4319 trochaei
1284 4256 1332 4333 rel

337 4356 447 4439 dactyli
460 4356 557 4416 studio
570 4366 747 4445 quaerantur,

367 4497 445 4546 credo
456 4464 564 4560 aquiiis·
573 4496 639 4547 illam
645 4499 695 4559 im
704 4496 845 4556 adlaturam,
855 4506 881 4549 at
893 4498 956 4554 illam
966 4514 980 4544 a
990 4512 1026 4545 mc
1037 4495 1132 4559 eripitt:
1149 4494 1199 4545 aine
1210 4494 1299 4547 variata

367 4568 822 4644 nqnnunnngnnugetnnur
832 4580 866 4628 uu
877 4578 1096 4627 alienarentur.

335 4692 507 4772 quiremus,
527 4694 582 4757 nisi
596 4706 659 4759 toto
673 4695 811 4779 pulmone
824 4695 977 4769 exhausto,
991 4690 1174 4775 pronunciari
1188 4696 1328 4773 apte‘non
