3292 5575
445 670 509 733 DE
540 670 749 735 COMlClS
777 668 1192 736 DIMENSIONIBUS.
1260 677 1345 739 xlm·

294 862 325 923 iu
336 854 679 937 monconjuneeonam,
698 874 771 928 nora,
783 873 845 915 nou
854 851 987 929 milton,
999 852 1250 917 nihilinnorabir:
1270 877 1347 939 pror-

293 966 391 1029 aertim
409 982 476 1023 cum
489 962 671 1041 inpromptu
685 959 795 1031 hebuit,
812 971 847 1019 ut
855 980 919 1039 pro,
932 980 1004 1035 nora,
1023 962 1194 1041 subjiceret,
1208 984 1344 1045 namque.

293 1072 404 1131 Verum
418 1080 451 1129 ut
461 1066 587 1127 diximus
602 1064 690 1127 etiam
703 1066 733 1125 in
747 1066 804 1125 alio
814 1068 938 1147 prologo
946 1067 1026 1128 idem
1038 1067 1151 1129 factum
1163 1082 1219 1143 eat,
1240 1082 1273 1131 ut
1293 1094 1345 1151 ge·

292 1176 462 1245 minaretur,
483 1182 514 1233 et
534 1180 614 1231 recte
627 1169 722 1231 minua
735 1190 805 1231 vero
825 1182 909 1233 recte
922 1192 942 1233 a
954 1172 1076 1233 Donato
1088 1174 1119 1233 in
1133 1175 1265 1257 Hecyrae
1276 1198 1344 1257 pro

292 1282 372 1362 logo.
415 1281 507 1357 Prope
517 1282 583 1358 jam
600 1287 755 1337 romanum
775 1278 879 1356 injuria
897 1279 1091 1339 adversarium.
1132 1280 1211 1341 Nam
1230 1282 1345 1344 tametsi

293 1385 434 1468 gannim
448 1382 634 1445 commovisse
643 1380 779 1455 lateam,
791 1392 892 1441 tamen
903 1402 965 1443 uon
977 1404 1044 1445 eum
1057 1383 1149 1445 sumre
1158 1386 1264 1460 locum,
1279 1407 1346 1449 eom

294 1490 451 1575 ademundi
462 1489 658 1561 novationem,
680 1488 730 1569 qui
751 1487 805 1549 aibi
813 1489 957 1565 jambam,
977 1492 1225 1573 quandocunque
1234 1507 1345 1575 parret,

294 1600 463 1661 mciacerct.
484 1596 578 1657 Sicuti
591 1616 652 1657 non
660 1594 754 1655 minua
767 1594 921 1657 infeliciter
932 1594 1118 1657 Priocianuar
1132 1598 1182 1677 qui
1196 1619 1265 1659 cum
1277 1600 1345 1661 red·

295 1704 377 1765 ducit
397 1702 543 1783 geminare
564 1712 675 1761 mamm
695 1700 817 1773 diceret,
838 1701 926 1781 idque
947 1703 1083 1781 exemplo
1101 1704 1226 1783 probare
1244 1706 1344 1779 vellet,

295 1809 391 1871 acme
411 1788 566 1869 omnium
585 1806 781 1867 nmmum
795 1825 835 1867 ex
850 1806 976 1887 epodo:
996 1809 1123 1869 renat
1135 1810 1165 1869 a
1176 1812 1263 1869 reem
1275 1812 1343 1873 vec.

295 1914 372 1975 Nam
386 1914 465 1993 quod
478 1913 546 1987 aiot,
561 1912 586 1973 ri
599 1912 729 1992 negem?
748 1932 846 1993 neque
861 1914 939 1974 enim
950 1914 1125 1975 necomitam
1135 1917 1219 1997 padio
1228 1936 1346 1997 persua·

292 2021 410 2081 debitur
422 2020 517 2081 mois.
559 2018 677 2099 Quidni
691 2020 870 2079 contendam
882 2039 942 2079 nou
955 2040 1021 2081 erac
1033 2020 1144 2083 luctum
1157 2024 1194 2083 ab
1208 2024 1346 2099 Horatio,
1388 2008 1394 2017 ’

292 2125 342 2207 qui
360 2125 458 2205 quoad
472 2134 580 2205 potest,
595 2124 711 2200 jambos
725 2123 813 2185 etiam
827 2126 1011 2204 aucupetur?
1053 2129 1154 2195 Quare
1164 2128 1254 2207 igitur
1265 2129 1345 2207 abje-

292 2232 366 2291 cerit
382 2231 543 2311 genuinum
556 2228 674 2311 pedem,
694 2250 786 2311 quare
804 2230 955 2291 admiserit
973 2232 1100 2313 rpmr'am
1113 2232 1238 2307 literam,
1259 2247 1294 2297 ut
1314 2236 1346 2295 il·

291 2338 352 2397 lum
372 2336 568 2398 excluderet?
590 2336 699 2397 Melina
712 2335 844 2409 lecisset,
862 2336 888 2397 ai
905 2358 945 2399 ex
959 2340 1083 2419 Hecyra
1094 2340 1188 2403 illude
1208 2344 1346 2405 renium

291 2464 357 2521 opus
367 2445 405 2503 eit
419 2445 503 2514 nobis,
518 2462 554 2503 cn
563 2443 720 2502 redductum
732 2444 847 2503 donum
868 2445 976 2526 Neque
985 2445 1100 2519 mirum,
1120 2466 1189 2526 quoe
1197 2447 1238 2518 in,
1252 2450 1343 2519 reddo,

293 2550 466 2627 geminetur.
507 2548 543 2607 ln
557 2566 648 2608 rcena
660 2567 778 2627 quoque
792 2550 876 2629 primi
890 2561 975 2610 actua
988 2550 1098 2629 quinta,
1115 2572 1184 2611 cum
1198 2552 1345 2633 Pamphili

294 2653 417 2713 orationi
430 2652 635 2713 intervenisset
651 2652 758 2732 Mysis,
779 2664 869 2732 atque
882 2654 941 2714 auia
954 2664 1080 2734 uterque
1092 2674 1223 2715 aeonum
1235 2657 1347 2733 affecta,

293 2758 498 2830 bructerorum
509 2777 610 2820 versus
620 2756 788 2818 interseruit
798 2756 927 2820 diveraoa
937 2770 1159 2840 quoquepoem,
1171 2781 1245 2840 quoa
1255 2762 1343 2826 Erro·
1458 2838 1462 2845 ι

293 2883 358 2924 mua
371 2865 519 2926 confudit:
540 2865 583 2925 sic
603 2863 691 2944 igitur
708 2865 828 2944 legendi
848 2877 934 2926 ronta
953 2866 1061 2926 lorcim
1074 2875 1115 2926 ert
1128 2867 1344 2950 tumorumscc·

293 2979 359 3040 tum,
380 2979 429 3030 out
442 2971 593 3047 inceptum?
612 2969 719 3030 locare
732 2972 846 3045 officium
856 2973 964 3050 patrie?
995 2970 1072 3040 Quid
1088 2974 1157 3033 illud
1174 2975 1235 3034 eet?
1265 2976 1344 3038 Prot

293 3076 384 3136 Deam
394 3085 477 3154 atque
485 3077 719 3152 lonnnafidem,
731 3079 798 3154 qaid
805 3088 856 3152 eet,
869 3080 895 3138 oi
907 3099 960 3138 noa
972 3079 1027 3138 lac
1039 3081 1200 3140 contracta
1213 3091 1272 3145 este
1292 3083 1342 3144 Sic

292 3183 369 3242 enim
382 3182 471 3242 etiam
493 3182 551 3242 olio
572 3201 682 3261 genere
698 3181 795 3262 Mysia
807 3183 901 3244 utitur
911 3184 1038 3244 iterum:
1058 3186 1181 3245 merrom
1199 3207 1250 3259 ne,
1273 3190 1346 3266 qnod

292 3289 399 3347 onom
412 3288 514 3348 ordio?
535 3287 591 3348 Cui
605 3287 764 3368 respondet
783 3288 857 3348 illud
875 3289 1037 3369 Pamphili:
1058 3293 1131 3370 quod
1151 3293 1176 3354 ri
1190 3295 1244 3368 fit,
1260 3316 1343 3373 pem

283 3392 424 3474 sorditas.
465 3391 502 3452 ln
516 3391 620 3454 eadem
638 3403 737 3454 autem
749 3413 841 3454 acerra
859 3413 975 3456 veroum
988 3395 1087 3456 illumr
1105 3398 1176 3474 prod
1194 3399 1285 3458 Dema
1298 3410 1343 3462 ot·
1356 3394 1363 3406 ’

292 3519 341 3576 que
354 3497 487 3558 doniam
494 3500 592 3574 fidem,
613 3501 719 3558 aldione
738 3519 809 3578 ego:
829 3500 958 3581 appellat
970 3499 1126 3560 dimetrum
1144 3503 1222 3584 pede
1235 3505 1344 3566 redon·

292 3603 391 3677 dante,
412 3603 478 3667 laxe
492 3624 562 3666 sane
576 3604 671 3666 rrimia.
693 3605 771 3666 Nam
784 3607 975 3684 quamobrem
990 3627 1051 3670 non
1064 3608 1251 3688 quinarium?
1270 3631 1343 3691 qua·

292 3731 325 3774 re
337 3733 396 3774 non
410 3705 575 3775 trimetrum
589 3709 927 3795 brachycatalecticuml
948 3712 1014 3794 quir
1023 3732 1149 3793 unquam
1159 3715 1270 3776 audivit
1278 3737 1343 3778 ver·

292 3839 357 3880 rum
368 3820 459 3880 ullum
472 3819 549 3902 pede
561 3839 625 3880 crae
637 3819 820 3882 redundante
830 3818 843 3878 l
862 3839 961 3880 nonna
970 3820 1033 3899 ipae
1042 3819 1093 3882 ille
1106 3841 1207 3883 verano
1218 3823 1284 3884 talia
1298 3833 1344 3885 eat

292 3927 350 3987 hoc
367 3927 432 4007 ipao
450 3927 538 4007 pede,
560 3947 648 4006 quem
663 3925 736 3988 dicio
750 3923 939 3986 redundorcl
959 3925 1039 3986 lllud
1052 3946 1167 4006 quoque
1187 3927 1264 3988 male
1276 3929 1342 4008 dig·

292 4051 413 4093 noscere
429 4031 483 4094 viai
500 4043 586 4094 aaut:
608 4051 676 4093 cum
688 4042 771 4092 actm
784 4030 909 4091 secundi
921 4042 1062 4112 putarunt
1072 4032 1195 4104 initium,
1217 4033 1342 4097 caudam

292 4157 356 4200 eme
369 4137 509 4219 postremi
518 4158 630 4212 verona,
643 4158 702 4218 quo
715 4137 861 4198 clrruditur
874 4148 959 4198 acmo
972 4137 1090 4217 primur,
1102 4137 1156 4209 ric,
1177 4157 1210 4198 ne
1222 4141 1260 4205 od
1269 4161 1342 4206 nor·

294 4245 352 4304 tn»
364 4246 413 4304 loc
427 4245 519 4316 etiam,
540 4253 625 4304 traco.
640 4245 706 4322 quid
717 4244 758 4304 oia
773 4242 910 4320 Byrrtiar
939 4242 1018 4302 Nem
1037 4253 1071 4302 ut
1088 4241 1147 4302 hoc
1160 4243 1283 4323 primum
1297 4245 1342 4306 di·

293 4369 366 4422 cem,
379 4350 472 4410 multo
485 4349 576 4412 setim
590 4360 643 4422 eat,
664 4361 698 4410 ut
718 4348 800 4410 initia
812 4359 933 4409 actuum
944 4347 1059 4426 integra
1072 4347 1139 4421 sint,
1158 4368 1246 4428 quam
1258 4349 1341 4418 lineo.

294 4454 410 4516 Deinde
429 4465 550 4536 apparet
572 4453 737 4536 properatio
761 4455 791 4514 in
813 4452 934 4535 Myside
952 4453 1089 4525 obeunte,
1113 4465 1147 4514 ur
1167 4454 1341 4535 Glycerium

295 4562 506 4640 consolaretur.
535 4561 642 4654 ltaque
654 4560 769 4644 abrupit
781 4579 957 4635 sermonem,
977 4571 1067 4642 atque
1081 4559 1161 4624 abiit.
1193 4561 1342 4633 Preterea
