3292 5575
383 712 448 773 DE
480 709 1123 775 COMICIS'DIMENSIONIBUS.
1192 710 1305 773 xxxix'

259 892 352 973 pedes
365 892 456 971 duos:
477 912 568 975 quare
579 894 602 955 si
612 902 838 975 pontiametrum
846 894 1007 971 jamhicum
1020 893 1124 973 exigas
1137 902 1169 952 et
1182 912 1201 953 a
1220 867 1306 952 Grae·

261 1016 297 1058 co
305 1010 404 1077 poeta,
418 1010 449 1061 et
462 1018 480 1059 a
492 998 610 1073 Latino,
624 1010 706 1061 terito
716 1002 808 1061 altero
818 1001 961 1079 majorem
972 1000 1117 1061 ostendat.
1131 1018 1219 1078 quern
1227 1014 1306 1059 erro·

260 1120 321 1163 rem
335 1104 424 1165 etiam
440 1105 472 1165 in
490 1106 544 1167 illo
555 1108 740 1168 continuavit
751 1131 760 1168 r
771 1109 845 1168 ‘nooi
858 1128 914 1167 rem
926 1097 1035 1167 curassem.¹
1053 1108 1102 1165 red
1116 1114 1157 1164 ert
1174 1102 1250 1162 Simo
1262 1104 1305 1161 io-

259 1216 325 1266 tae?
344 1217 394 1271 eu.
435 1208 518 1289 Ergo
541 1209 613 1269 nihil
635 1210 739 1270 mirum
757 1212 803 1283 sit,
828 1212 878 1290 qui
896 1210 1028 1271 motoriis
1048 1210 1174 1290 pedibus
1192 1210 1307 1269 auferat

258 1331 312 1373 aua
321 1318 398 1389 jura,
418 1314 458 1377 sd
471 1314 605 1375 statarios
625 1316 769 1376 immerito
787 1316 954 1377 transferre.
994 1316 1083 1375 Illum
1100 1316 1177 1375 enim
1189 1312 1320 1375 versum'

261 1418 448 1481 “Andriae
470 1429 501 1479 ut
523 1422 600 1479 meib
616 1423 763 1500 gaudeant,
784 1432 866 1500 atquc
886 1442 919 1481 ea
940 1422 1238 1483 incommunius
1259 1406 1322 1480 est'

257 1523 394 1584 creticum
409 1525 564 1583 dimetrum
576 1525 736 1586 nominare.
747 1522 797 1605 qui
809 1536 908 1587 tamen
919 1546 972 1607 pes
986 1547 1053 1587 curn
1066 1542 1127 1586 non
1141 1526 1234 1588 solum
1249 1526 1307 1605 syl-

257 1630 389 1689 labarum
398 1636 528 1704 numero,
540 1631 594 1691 sed
605 1631 693 1691 etiam
703 1642 868 1711 temporum
880 1631 1043 1711 quantitate
1053 1631 1202 1711 prolixior,
1216 1650 1306 1711 quam

257 1735 404 1815 spondeus
418 1736 477 1798 lit:
501 1753 592 1815 quare
611 1736 690 1797 solus
710 1756 798 1796 unam
822 1736 1031 1798 dimensionem
1050 1758 1109 1797 non
1130 1738 1260 1818 expleat,
1281 1738 1307 1796 si

257 1842 406 1921 spondeus
417 1841 541 1922 implet?
562 1842 640 1901 Eum
652 1852 751 1902 tauoen
764 1852 883 1903 seminis
898 1842 1010 1915 Rivius,
1022 1842 1125 1923 parem
1138 1842 1243 1903 erroris
1253 1842 1306 1902 ad-

255 1947 332 2007 misit
350 1946 578 2028 proportionem.
622 1946 770 2025 Siquidem
796 1947 953 2007 trochaicis
972 1957 1152 2026 anapestum
1172 1938 1322 2006 interseri

256 2072 464 2134 nonuunquam
477 2052 592 2133 scripsit
606 2072 696 2113 causa
715 2054 882 2113 celeritatis.
894 2054 975 2133 quod
989 2054 1097 2113 dictum
1111 2072 1179 2113 cum
1196 2052 1247 2111 illo
1260 2072 1307 2111 au·

256 2160 370 2239 periore
380 2160 510 2219 maximo
524 2158 669 2220 convenit.
688 2159 767 2220 idem
779 2179 908 2241 namque
922 2159 1053 2219 sentiunt
1070 2178 1139 2219 cum
1157 2158 1208 2217 ille
1221 2156 1307 2217 creti·

257 2284 323 2325 curn
335 2265 374 2325 ad
391 2266 534 2342 jambam,
553 2266 603 2325 hic
617 2275 797 2345 auapoestum
809 2265 919 2325 referat
930 2265 971 2325 ad
990 2264 1160 2325 trochaeum.
1201 2260 1305 2341 Atqui

256 2390 308 2453 poa
329 2371 370 2432 ita
387 2384 465 2433 esset
480 2382 605 2452 quatuor
618 2370 758 2450 praeditus
771 2371 964 2451 temporibus,
984 2381 1019 2429 nt
1036 2368 1096 2430 duo
1117 2368 1203 2428 simul
1216 2386 1305 2427 unam

257 2478 396 2558 syllabam
411 2476 559 2539 efficerent
572 2476 689 2557 plenam
701 2476 838 2556 ponderis
849 2486 879 2535 et
890 2475 1049 2555 gravitatis,
1057 2494 1118 2533 nou
1128 2472 1308 2554 potuitinter
1320 2467 1323 2475 ’

257 2602 391 2643 cursores
409 2582 474 2642 illos
491 2581 693 2643 annumerari:
714 2582 875 2661 presertim
893 2601 960 2641 curn
969 2582 1070 2657 jamho
1089 2579 1208 2640 similior
1226 2589 1305 2638 esset

256 2698 422 2769 anapaestus
439 2706 527 2769 quam
547 2688 688 2748 trochaeo.
709 2697 833 2766 uterque
857 2685 934 2745 enim
948 2684 1115 2745 abrevrhua
1134 2682 1244 2758 incipit,
1272 2680 1323 2741 in'

257 2795 376 2875 longam
385 2796 508 2856 *desiuit
536 2798 654 2863 Quanto
668 2794 746 2855 enim
757 2793 871 2872 gravior
884 2801 929 2852 est
938 2793 1055 2868 jambus
1068 2789 1207 2857 trochaeo,
1222 2792 1321 2848 tauto‘¹

256 2911 471 2982 estanapoestus
485 2901 614 2980 dactylo.
656 2901 754 2967 Quare
768 2919 828 2958 non
849 2898 905 2958 levi
919 2897 958 2957 de
972 2915 1059 2956 causa
1068 2895 1182 2955 factum
1194 2904 1251 2966 est,
1270 2903 1305 2952 ut

257 3009 414 3087 gradatimi
433 3007 576 3088 poematis
597 3005 766 3085 gravissima
782 3023 849 3084 para
869 3003 976 3063 chorus
993 2999 1031 3061 ad
1044 2997 1202 3080 gravissimi
1220 2996 1305 3077 pedis

256 3119 440 3192 mm'eatatern
454 3133 519 3174 sese
531 3113 689 3183 conferret,
711 3111 826 3172 scilicet
839 3118 1029 3189 anapaestum.
1069 3104 1149 3172 Quid
1162 3104 1242 3185 quod
1254 3099 1322 3162 ille'

255 3221 363 3282 nnllam
373 3219 472 3301 posuit
485 3219 638 3290 rationem,
659 3227 879 3298 propterquam
893 3214 1039 3274 trochaeus
1052 3222 1131 3272 esset
1137 3211 1239 3290 jambo
1251 3228 1304 3269 vo·
1318 3213 1321 3222 '

254 3326 376 3386 lubilior.
419 3328 463 3385 At
476 3345 547 3385 vero
560 3335 591 3384 et
608 3341 715 3384 nomen
737 3321 876 3382 Graecum
897 3319 1044 3379 excitabat
1056 3337 1120 3388 noa,
1142 3325 1173 3374 et
1185 3315 1305 3374 suberat

255 3431 338 3492 ratio.
380 3431 460 3494 Nam
481 3427 531 3510 qui
553 3440 582 3488 et
603 3428 779 3508 syllabarum
792 3445 924 3495 numero,
946 3435 978 3483 et
1000 3434 1165 3502 temporum
1188 3418 1321 3510 ratione*

254 3557 307 3619 par
316 3547 394 3598 esset
404 3537 514 3616 jambo‚
530 3553 588 3596 uon
598 3533 693 3614 potuit
707 3552 744 3592 eo
758 3551 823 3592 ease
838 3530 962 3591 celerior
972 3529 1026 3588 nisi
1043 3547 1113 3587 saue
1127 3537 1302 3606 temporum,
1319 3523 1323 3528 ’

254 3655 445 3724 temporaque
464 3640 659 3700 deferentium
678 3638 855 3719 syllabarum
868 3637 933 3706 situ,
954 3654 1013 3715 qua
1033 3653 1092 3694 una
1111 3651 1142 3692 re
1158 3631 1201 3690 illi
1217 3631 1304 3692 fieret

255 3747 407 3807 dissimilis.
448 3741 552 3805 Trahit
572 3745 649 3804 enirn
667 3743 814 3804 trochaeus
834 3742 947 3823 syllaba
965 3741 1061 3822 priore
1074 3758 1178 3800 vocem
1198 3738 1250 3811 ita,
1268 3747 1304 3796 ut

254 3852 284 3914 iu
305 3851 466 3933 posteriore
482 3851 663 3923 emollescat,
684 3869 720 3910 ac
742 3849 823 3929 quasi
844 3850 1000 3908 evanescat
1015 3845 1131 3923 Jambus
1149 3863 1167 3904 e
1186 3854 1303 3905 conna-

253 3955 296 4016 rio
307 3957 488 4017 celeritatem
495 3955 653 4036 professus,
665 3955 972 4035 gravitatemproestat.
985 3953 1090 4032 Itaque
1101 3950 1302 4029 sanguinarius
1316 3959 1320 3967 ’

256 4081 319 4144 pes,
338 4073 370 4123 et
386 4073 518 4143 promtus
531 4061 570 4120 ad
583 4060 803 4132 vulnerandum,
825 4058 933 4119 indicat
947 4069 977 4120 et
991 4058 1133 4138 impetum
1148 4055 1250 4134 primo,
1271 4065 1303 4114 et

255 4165 401 4228 sutoriam
413 4186 542 4248 pugnarn
563 4185 640 4226 mox.
682 4165 718 4226 ld
736 4165 815 4246 quod
837 4165 996 4245 Hipponax
1018 4183 1085 4223 cum
1105 4161 1247 4222 acerrimo
1260 4159 1305 4218 in·

256 4277 344 4356 genio
359 4275 404 4336 vir
416 4275 669 4346 animadverteret,
689 4293 776 4354 quam
789 4271 933 4331 rationem
946 4269 1069 4347 impetus
1078 4265 1110 4325 in
1122 4266 1199 4346 pede
1212 4284 1304 4344 agno.

256 4381 345 4442 uiaret
356 4401 422 4441 eam
434 4381 463 4440 in
477 4379 656 4461 peculiarem
669 4378 736 4459 pedi
746 4397 861 4439 versum
874 4373 1036 4434 transtulitz
1056 4381 1089 4431 ut
1102 4371 1178 4432 sicut
1186 4372 1303 4448 jambus

256 4486 285 4547 in
303 4487 415 4569 syllaba
428 4487 516 4566 longa
529 4487 661 4566 pertinax
679 4496 833 4566 pugnaret,
854 4482 897 4543 sic
911 4481 1055 4558 jamhicus
1072 4499 1173 4540 versus
1190 4478 1222 4537 in
1239 4479 1304 4538 lon·

256 4613 325 4672 gum
341 4593 417 4674 pede
435 4593 624 4654 incumberet.
666 4587 905 4654 Levioremenior
918 4597 999 4647 ratus
1012 4585 1154 4662 jambam,
1170 4601 1258 4664 quam
1271 4590 1304 4643 ut
