3292 5575
336 662 394 725 liv*
737 664 997 724 PREFATIO.

337 846 457 927 cipiunt,
471 854 662 926 praetcrqusm
685 842 813 903 ultimam
836 846 858 903 si
878 844 1067 915 acatalectici,
1092 853 1123 902 et
1143 840 1377 923 penultimam'si

336 952 499 1013 catalectici
515 951 643 1010 fuerint:
664 950 767 1029 quibus
781 950 810 1009 in
824 952 898 1010 locis
908 948 1029 1026 jambici
1040 951 1182 1026 jambum,
1197 961 1228 1009 et
1240 946 1381 1007 trochaici

337 1058 498 1119 trochaeum
518 1048 632 1139 proprie
656 1054 815 1135 requirunt.
836 1066 936 1115 tamen
956 1056 985 1113 in
1005 1053 1241 1115 catalecticomm
1257 1052 1380 1130 regione

337 1161 496 1241 penultima
516 1150 753 1240 brucbysyllabus
768 1170 798 1219 et
811 1179 1015 1238 nonnunquam
1030 1159 1163 1238 dactylus
1176 1177 1231 1238 pro
1248 1158 1381 1217 trocbaeo

339 1267 533 1326 collocantur:
555 1275 641 1345 atque
655 1283 708 1343 pro
727 1265 828 1350 jambo
842 1264 934 1343 quivis
953 1284 1016 1346 pes,
1031 1265 1078 1324 cui
1096 1264 1126 1321 in
1145 1263 1259 1323 caeteris
1274 1262 1379 1338 jambl-

339 1392 437 1433 corum
452 1368 570 1429 'sedibus'
583 1354 699 1429 daretur
710 1369 803 1429 locus.
817 1368 847 1426 in
861 1368 962 1428 ultima
974 1378 1047 1428 reio
1061 1368 1294 1427 cata'lecticomm
1307 1366 1380 1425 sede

338 1495 390 1555 pro
406 1474 509 1553 jambo
529 1475 558 1533 in
580 1474 722 1552 jambicis,
746 1484 777 1533 et
800 1494 854 1554 pro
877 1474 1006 1533 trocboeo
1029 1474 1059 1532 in
1083 1473 1239 1533 trochaicis
1262 1472 1381 1551 ponitur

338 1582 471 1661 semipes,
486 1581 542 1641 boc
560 1590 613 1653 est,
633 1580 726 1659 prima
743 1579 828 1659 pedis
847 1579 923 1638 illius
943 1580 1071 1659 syllaba:
1094 1598 1198 1658 nempe
1211 1578 1306 1638 brevis
1326 1597 1381 1657 pro

334 1687 445 1763 jambo,
460 1696 490 1745 et
503 1706 557 1765 pro
575 1684 703 1745 trocbaeo
717 1685 814 1761 longa.
829 1682 881 1743 sed
895 1702 963 1743 cum
978 1683 1102 1760 cujusvis
1115 1700 1215 1743 versus
1227 1683 1330 1742 ultima
1343 1684 1380 1741 sit

340 1812 458 1871 anceps,
483 1812 535 1871 pro
556 1790 652 1870 priore
666 1790 769 1867 jambi‚
787 1789 894 1867 longa:
922 1798 953 1846 et
974 1799 1084 1858 eontra,
1103 1788 1199 1847 brevis
1220 1807 1273 1867 pro
1289 1788 1381 1867 prima

341 1896 462 1975 trpcbaei
481 1896 648 1958 collocatur.
661 1958 664 1965 ,
690 1894 877 1975 Pymbicbius
893 1893 978 1953 etiam
991 1893 1022 1951 in
1035 1893 1172 1971 ·jambicis
1186 1892 1381 1967 acatalecticis

339 2022 395 2081 pro
414 2002 514 2079 jambo
534 2001 667 2077 ultimum
687 2000 784 2060 locum
804 2010 947 2079 occupet:
979 2009 1009 2059 at
1027 1999 1096 2059 alibi
1116 2018 1259 2077 nusquam
1271 1999 1383 2058 visitur.

340 2106 624 2181 Proceleusmaticus
644 2127 709 2169 raro
731 2125 794 2169 sese
816 2097 917 2165 offert:
949 2106 1097 2168 eitamen
1114 2106 1194 2165 nullo
1215 2105 1382 2184 refragante

341 2211 426 2276 datm
448 2210 531 2271 locus
551 2220 581 2269 et
601 2210 631 2269 in
648 2210 783 2287 jambicis
804 2222 835 2274 et
855 2210 884 2287 in
904 2210 1066 2272 trochaicis.
1109 2211 1253 2282 Creticus,
1272 2211 1383 2291 umpbi·

342 2316 477 2392 braohps,
494 2327 525 2375 et
542 2316 681 2391 bacchius
701 2316 818 2397 quidam
840 2315 956 2374 omnino
975 2326 1132 2395 respuunt:
1151 2316 1217 2375 illos
1237 2316 1285 2375 alii
1304 2336 1383 2395 aegre

343 2420 462 2501 quidem
490 2422 665 2484 admittunt:
700 2423 753 2485 sed
780 2440 831 2481 eos
857 2439 975 2500 prorsus
1002 2420 1175 2496 rejiciendos
1202 2440 1384 2499 nequaquam

239 2531 244 2543 '
343 2536 472 2601 ‚consenc
514 2526 697 2607 Nosubique
708 2528 771 2587 fere
786 2542 844 2605 quo
857 2538 943 2606 pacto
957 2536 986 2586 et
1000 2526 1274 2605 borumetillomm
1288 2528 1384 2606 opinio

343 2631 461 2712 defendi
475 2643 574 2709 posset
593 2632 793 2703 indicavimus,
813 2632 863 2691 uni
877 2629 971 2691 versui
989 2630 1062 2691 duos
1080 2632 1266 2693 dimensionis
1283 2635 1385 2707 modos

343 2736 521 2824 assignantes
536 2739 581 2804 ,ed
601 2758 777 2818 amansque
798 2738 897 2798 locum
918 2737 967 2816 qui
989 2737 1172 2816 dissensionis
1190 2751 1268 2805 esset
1288 2741 1386 2804 terrui·

343 2865 413 2919 nus:
438 2865 517 2923 soepe
532 2845 617 2904 etism
633 2846 671 2905 ad
687 2865 746 2904 rem
760 2843 851 2922 ipsam
863 2843 976 2921 plenium
988 2842 1202 2922 explanandam
1214 2846 1389 2919 brevissimis

343 2946 461 3020 scholiis
475 2946 620 3020 adhibitis.
663 2949 709 3008 Ac
727 2947 836 3025 primus
850 2947 965 3026 quidem
979 2949 1092 3025 modus,
1107 2969 1173 3028 quae
1193 2961 1253 3010 tres
1269 2951 1323 3010 bos
1341 2971 1389 3030 pe-

347 3054 399 3124 des
413 3053 524 3131 recipit,
537 3053 652 3132 planus,
665 3054 800 3133 simplex,
816 3053 970 3133 expeditus
984 3063 1015 3114 et·
1028 3031 1147 3114 evidens
1165 3065 1220 3116 est.
1234 3074 1293 3115 non
1312 3055 1406 3115 enim*

346 3157 426 3230 uouit
448 3155 577 3222 insolitas
598 3169 628 3216 et
647 3177 764 3238 asperas
782 3157 845 3218 illas
866 3133 1012 3228 diaereses,
1034 3177 1203 3237 synaereses,
1223 3170 1254 3219 et
1273 3161 1391 3218 crebras

271 3323 274 3328 ,
346 3261 493 3340 literarum
510 3262 653 3336 elisiones,
668 3284 732 3345 quse
753 3264 912 3342 posteriore
932 3263 1117 3326 dimensionis
1137 3265 1249 3325 ratione
1269 3266 1303 3326 iis
1322 3278 1391 3332 mut
1450 3331 1455 3339 ‚

349 3367 582 3448 perscrutandis:
603 3368 653 3448 qui
669 3367 748 3429 nulla
766 3388 825 3427 non
846 3368 1026 3449 diverticula,
1047 3369 1162 3448 quosvis
1183 3370 1340 3448 anfractus,
1359 3383 1391 3432 et

350 3471 447 3554 pincia
459 3469 583 3553 suffugia
595 3483 737 3552 quaerunt,
751 3491 811 3550 quo
829 3483 956 3532 monstra
967 3474 1018 3534 illa
1030 3477 1075 3546 (ut
1094 3475 1146 3553 ipsi
1160 3475 1327 3555 loquuntur)
1342 3497 1391 3538 ex·

349 3555 478 3638 terarum
497 3577 605 3656 pedum
631 3577 740 3660 possint
761 3576 878 3636 evitare.
928 3577 1080 3658 Praecipue
1104 3579 1211 3660 effugia
1231 3586 1392 3651 consistunt

350 3681 381 3762 in
404 3681 582 3764 dicresibus,
602 3681 807 3766 synaeresibus‚
826 3692 857 3740 et
874 3681 1048 3776 elisionibus.
1089 3684 1214 3746 Diaeresi
1233 3709 1320 3751 unam
1328 3692 1394 3772 syl·
1456 3758 1458 3761 ,

351 3787 447 3863 bbapr
461 3786 491 3846 in
505 3787 575 3866 duas
589 3787 737 3870 dividunt:
760 3806 813 3848 nos
827 3787 904 3846 banc
921 3787 1035 3848 duobus
1055 3789 1084 3846 in
1104 3791 1190 3868 apice
1208 3796 1322 3871 punctis
1341 3817 1394 3876 ap

351 3892 453 3972 positis
474 3891 707 3974 designavimus:
735 3904 779 3959 ut,
804 3895 859 3962 cui,
880 3893 931 3962 dei,
953 3895 1002 3965 dii,
1022 3895 1085 3966 diis,
1106 3900 1178 3956 iam:
1208 3919 1274 3958 cum
1294 3920 1311 3974 e
1332 3923 1392 3962 mo·

297 3989 301 3995 ’
354 3997 509 4081 nosyllabis
528 3997 601 4082 fiunt
621 3997 781 4080 disyllaba:
807 4000 903 4073 mique
921 4000 1022 4070 deinde,
1041 4002 1161 4074 proinde,
1177 4022 1244 4062 cum
1265 4023 1283 4064 e
1304 4005 1392 4087 disyl⁴
1470 4069 1474 4074 ,

353 4103 427 4186 labis
450 4103 599 4188 trisyllaba
620 4101 795 4180 judicantur.
846 4100 989 4184 Synaerpsi
1013 4101 1084 4160 duas
1107 4103 1232 4182 syllabas
1254 4104 1284 4164 in
1308 4127 1394 4166 unam

356 4205 537 4278 contrahunt,
552 4226 638 4292 quam
657 4206 714 4270 hac
737 4215 806 4265 nota
819 4204 906 4284 priori
928 4205 1020 4266 vocali
1039 4208 1222 4286 superposita
1242 4209 1396 4272 indicatam

355 4309 506 4376 voluimus.
525 4387 530 4395 ὁ
551 4312 609 4396 illa
629 4311 713 4390 igitur
735 4320 765 4370 et
781 4313 910 4390 ¹sm'prens
931 4311 1049 4383 vocalis,
1069 4333 1135 4392 quse
1162 4314 1191 4372 in
1215 4316 1279 4382 aliis
1299 4317 1394 4395 poetis

274 4457 275 4460 η
355 4407 444 4494 utque
464 4417 493 4502 in
511 4415 566 4476 hoc
580 4423 667 4494 justa
685 4416 807 4496 primum
827 4413 1011 4475 dimensionis
1025 4417 1143 4478 modum
1160 4419 1233 4478 duas
1248 4421 1395 4498 efficerent

356 4519 491 4602 syllabas,
516 4519 545 4594 in
573 4540 659 4582 unam
686 4530 802 4588 coeunt,
828 4536 893 4577 cum
918 4518 1037 4604 alteram
1065 4522 1221 4596 scansiouis
1247 4525 1399 4596 rationem,
