3292 5575
338 753 408 816 xxvi
502 752 568 812 Dii
600 748 792 812 METRIS
814 745 1169 810 TERENTIANIS.

338 935 547 1015 effugarentur.
586 931 647 992 Ha
657 947 727 992 vero
737 931 926 1012 synaioephse,
936 929 1149 1010 quoetenebras
1158 927 1227 989 olim
1240 928 1332 1006 magi-

338 1031 405 1094 stris
419 1031 595 1102 offuderunt,
605 1033 666 1106 jam
681 1029 835 1090 innostra
855 1027 994 1101 editione,
1008 1025 1230 1107 percussionum
1244 1025 1332 1086 inter·

339 1131 422 1191 veliis
432 1128 578 1201 distincto,
591 1145 630 1187 ne
643 1126 742 1207 pueris
752 1126 872 1207 quidem
882 1124 1031 1205 negotium
1040 1124 1199 1184 facessent.

381 1227 490 1285 Totum
509 1234 609 1285 autem
623 1224 693 1298 hoc,
703 1223 784 1303 quod
793 1223 832 1283 de
845 1222 907 1283 ictu
919 1222 950 1281 in
960 1219 1068 1282 ultimis
1082 1220 1202 1301 syllabis
1215 1229 1333 1280 cautum

340 1323 431 1384 fuisse
450 1320 588 1393 diximus,
613 1321 651 1382 de
674 1319 807 1382 secunda
819 1329 931 1386 tantum
945 1317 1069 1382 trimetri
1082 1317 1198 1398 itroitp
1217 1315 1334 1397 copien-

341 1421 430 1489 dum,
443 1438 510 1478 nsm
533 1417 564 1476 in
585 1418 677 1497 prima
698 1427 728 1476 et
750 1415 839 1476 tertis
859 1435 975 1496 semper
995 1413 1257 1494 licuit3siquidem
1278 1413 1335 1472 ista

341 1516 405 1575 sine
417 1513 502 1575 venia
512 1515 727 1576 conclamatum
740 1522 895 1593 actumque
910 1523 974 1573 eret
987 1513 1026 1572 de
1040 1510 1187 1572 eomoedia
1196 1509 1335 1589 tragoedi·

341 1631 417 1692 aque
425 1610 542 1671 Latino.
584 1612 659 1674 Cum
669 1609 759 1690 igitur
770 1610 850 1671 hune
863 1629 980 1670 versum
993 1607 1160 1688 similesque
1173 1607 1253 1688 apud
1266 1625 1335 1666 nos·

342 1719 419 1786 trum
432 1707 547 1781 videris,

472 1866 562 1916 Maium
572 1869 635 1931 qaod
643 1866 684 1917 isti
694 1868 719 1916 di
729 1866 910 1932 deoeqnsonrnks
917 1865 997 1915 duint:

344 2032 417 2076 esve
429 2012 500 2073 vitio
514 2013 545 2072 id
557 2023 655 2092 poetoe
672 2013 811 2083 verteris3
832 2012 887 2072 etsi
904 2009 1018 2072 Maiam
1031 2009 1103 2070 iliud
1117 2021 1148 2070 et
1161 2009 1250 2070 omnis
1263 2008 1288 2074 si
1306 2009 1338 2068 in

345 2109 493 2171 communi
514 2110 583 2188 quis
591 2129 724 2170 sermone
740 2109 783 2169 sie
796 2109 935 2180 acuisset,
956 2107 1119 2168 deridiculo
1131 2106 1245 2168 fuisset.
1288 2105 1340 2164 Ni-

345 2207 448 2266 mirum
462 2224 547 2265 aures
560 2206 607 2264 vel
616 2195 715 2265 invitae
725 2205 872 2286 patienter
883 2205 912 2264 id
923 2205 1069 2278 ferebant,
1080 2205 1143 2265 siue
1155 2224 1215 2282 quo
1228 2223 1266 2263 ue
1280 2223 1341 2262 uns

345 2302 465 2383 quidem
479 2301 510 2362 in
523 2302 623 2363 fabula
632 2324 720 2364 scens
732 2315 850 2384 poterat
863 2303 984 2362 edolari.
1027 2301 1106 2369 Quin
1120 2313 1151 2362 et
1164 2298 1340 2378 Graecosip·

346 2417 394 2459 sos
415 2398 521 2460 eadem
541 2399 635 2459 tenuit
658 2402 827 2472 necessitas,
846 2399 951 2460 eedem
970 2420 1057 2480 passa
1078 2408 1124 2460 est
1149 2395 1341 2476 indulgentis.

349 2497 425 2556 Cum
439 2495 648 2577 Aristophanes
658 2496 743 2567 dixit,

542 2655 619 2706 Amin
628 2655 730 2718 mbas
735 2656 911 2720 aedgoppmvme
921 2653 1039 2704 dicante.

348 2773 608 2882 cumsmpun,

541 2960 590 3008 nasi
599 2959 792 3025 ναςιηηυθμόνι
801 2977 839 3007 us
850 2959 926 3008 morai
936 2970 1016 3019 πυλις,

349 3107 428 3166 idem
441 3105 619 3167 adnuerunt
632 3104 661 3163 in
675 3104 785 3165 Δονλόν
798 3117 831 3166 et
843 3106 919 3179 tiso,
940 3106 1020 3185 quod
1033 3115 1132 3166 nostor
1143 3105 1171 3165 in
1187 3105 1299 3165 Muto
1312 3114 1345 3165 et

350 3203 455 3262 ms.-
476 3201 530 3281 ipsi
543 3201 621 3263 enim
634 3202 702 3261 alibi
716 3201 842 3281 priorem
856 3214 974 3274 acuunt,
988 3202 1098 3263 Δούλον
1108 3212 1139 3261 et
1154 3202 1243 3262 Ἥκω.

390 3299 428 3357 In
441 3297 570 3359 secsmda
580 3297 669 3376 igitur
681 3296 806 3357 trimetri
820 3298 932 3379 διποδὶᾳ
953 3300 1012 3359 hoc
1035 3299 1073 3359 de
1087 3318 1147 3378 quo
1160 3299 1273 3377 agimus
1286 3318 1345 3357 non

351 3394 470 3455 licebat.
495 3393 626 3454 ,Gellius
640 3393 785 3466 xviii,15.
827 3396 864 3455 In
876 3398 989 3456 tersoriis
1009 3398 1129 3455 versibus
1151 3396 1348 3455 animadverte·

351 3502 417 3552 nod
434 3492 541 3552 metrici
552 3494 619 3551 daos
629 3492 731 3568 primos
736 3494 828 3569 pedes,
847 3495 911 3553 item
924 3503 1055 3553 estremos
1069 3494 1143 3565 duos,
1155 3494 1251 3552 hahere
1266 3514 1347 3570 posse

351 3588 472 3667 magaba
491 3589 615 3667 irttegrot
634 3598 731 3664 portes
750 3589 889 3659 orationis,
912 3590 1011 3649 medios
1032 3590 1106 3649 houd
1117 3608 1233 3665 usquam
1247 3609 1345 3666 posse:

351 3685 401 3742 sed
418 3693 541 3743 connato
553 3705 598 3743 eoa
620 3704 722 3761 seraper
745 3706 777 3743 er
790 3686 879 3744 verbu
902 3694 951 3744 out
964 3686 1059 3745 divisis
1079 3694 1127 3745 out
1150 3686 1242 3743 mistis
1263 3694 1347 3762 atque

351 3780 481 3861 conflatis.
522 3781 638 3852 Quotus
659 3780 782 3859 quisque
795 3780 853 3841 hoc
867 3782 914 3840 vel
927 3780 1093 3861 intelligat?
1117 3781 1225 3841 nedum
1245 3792 1279 3840 ut
1300 3800 1346 3841 se·

350 3874 447 3935 narios
471 3887 523 3955 per
536 3876 665 3955 singulos
678 3877 769 3957 pedes
790 3878 959 3939 scandendo
981 3890 1097 3959 tempus
1115 3876 1145 3936 in
1163 3877 1223 3937 hau
1246 3876 1346 3951 obser·

350 3970 469 4031 vatione
478 3972 629 4031 conterati
669 3972 711 4032 At
724 3971 754 4032 in
767 3986 870 4033 nostru
888 3975 1017 4035 editione
1035 3976 1082 4035 vel
1099 3972 1178 4033 aliud
1191 3973 1347 4053 egentibus

352 4067 382 4125 in
396 4066 500 4129 oculos
512 4068 649 4138 incurrit;
670 4070 814 4150 simulque
834 4070 917 4141 ratio,
932 4090 1019 4151 quent
1042 4070 1155 4130 metrici
1178 4068 1223 4129 isti
1237 4079 1348 4141 tacent,

354 4163 441 4243 piune
462 4177 594 4246 apparet.
636 4165 707 4226 Hoo
731 4167 771 4225 iiii
785 4168 955 4239 voluerunt;
974 4169 1006 4227 in
1027 4165 1073 4227 his
1094 4178 1125 4227 et
1140 4164 1281 4226 similibus
1301 4184 1348 4225 se·

355 4280 454 4342 umus,

483 4420 548 4469 Venit
560 4422 660 4471 Chronos
667 4422 779 4484 postridie
790 4423 820 4470 ad
832 4438 868 4470 ms
879 4423 1007 4473 clamitans.

484 4502 645 4566 Mansuetique
653 4502 725 4552 animi
733 4502 816 4561 oflois,
832 4503 889 4566 quid
899 4506 976 4553 modia
983 4520 1062 4553 moror.

355 4644 427 4706 duos
440 4644 547 4727 primos
561 4647 695 4728 duosque
707 4658 870 4729 postremos
883 4648 976 4732 pedes
989 4647 1109 4731 singuiis
1123 4646 1220 4711 vorbis
1240 4604 1350 4721 cisudi,
