3292 5575
308 1118 375 1188 DE
402 1122 603 1192 Aouuuu
631 1125 692 1193 ΕΤ
722 1126 989 1196 SGENARUM
1017 1127 1235 1196 RATIONE

422 1389 430 1397 ·
489 1357 537 1418 IN
556 1357 726 1422 PLAUTO
745 1360 803 1424 ΕΤ
822 1363 1053 1428 TERENTIO.
1137 1379 1141 1386 ⁴

725 1639 822 1674 -ο-

292 1881 365 1941 vm
376 1885 579 1957 erudideaimoa,
589 1888 621 1945 0.
633 1888 669 1946 A„
680 1889 826 1958 Boettigea
836 1887 865 1942 in
880 1885 1032 1958 prolusione
1047 1887 1083 1941 de
1098 1889 1213 1958 quatuor
1225 1893 1290 1941 aeta·

256 1968 331 2023 tuboe
339 1969 378 2023 rei
390 1973 504 2025 acenioae
516 1973 707 2043 apudveterea,
719 1973 792 2026 edita
802 1987 873 2024 enno
882 1975 958 2035 1798,
967 1973 1109 2040 poetqom
1122 1970 1233 2025 monuit.
1242 1987 1290 2023 no·

256 2051 346 2106 titiam
358 2069 447 2107 eoenae
458 2055 563 2108 Graecae
574 2061 634 2108 tum
646 2056 758 2109 demum
768 2053 805 2109 ad
816 2053 954 2107 Romanos
965 2053 1126 2122 pervenisse,
1137 2067 1200 2105 curu
1214 2068 1229 2105 e
1245 2069 1291 2105 oo-

258 2133 363 2185 moedia
371 2132 465 2186 eboroe
475 2133 533 2199 jam
545 2135 759 2204 prompsissent
768 2134 820 2204 ipai
828 2133 932 2187 Graeei:
949 2133 1021 2199 binc,
1031 2134 1121 2204 inquit
1131 2149 1192 2202 peg.
1206 2139 1246 2198 15,
1258 2139 1292 2188 ut

257 2212 294 2266 ad
304 2228 394 2281 panca
403 2218 511 2269 butum
522 2216 638 2285 digitum
649 2218 798 2282 intendam,
808 2217 896 2271 omnia
907 2221 1019 2270 actuum
1032 2222 1060 2270 et
1070 2231 1212 2270 scenarum
1222 2219 1291 2271 ratio

256 2295 287 2347 in
298 2295 397 2349 Plauto
413 2299 442 2350 et
451 2298 587 2365 Terentio,
598 2302 640 2351 tot
655 2299 842 2354 controversiis
853 2298 988 2352 editorum
1003 2299 1112 2366 agitata
1129 2300 1291 2367 explicanda

254 2382 307 2433 eat.
341 2379 504 2434 Tenendum
515 2387 558 2434 eat
574 2382 642 2435 illud
652 2381 754 2435 Donati
770 2381 807 2434 ad
818 2381 965 2436 Andriam:
983 2380 1093 2450 quando
1111 2397 1194 2434 coena
1203 2397 1291 2434 vacua

252 2458 346 2512 catab
355 2459 482 2514 omnibus
491 2463 621 2530 petronia,
637 2466 671 2515 nt
684 2462 759 2516 inea
772 2461 871 2515 eberur
882 2462 924 2515 rel
938 2461 1039 2516 tibicen
1057 2461 1144 2514 audiri
1162 2463 1289 2530 poerit,-

254 2539 295 2592 ibi
310 2545 402 2596 actum
420 2541 529 2596 initum
544 2559 613 2608 erae,
627 2543 760 2598 debemur
776 2559 930 2611 effloruere.
965 2543 1048 2608 Quod
1059 2543 1094 2595 de
1105 2543 1186 2596 oboro
1197 2546 1291 2596 monet

254 2624 627 2689 grammabcuaadveteren
637 2625 835 2679 mitticoe
844 2625 927 2678 ritum
934 2629 963 2678 et
970 2623 1291 2681 tumumutnrirtotelee
1345 2645 1349 2652 ·

255 2705 376 2772 appellat
383 2705 456 2775 (vide
462 2707 722 2775 doctam'l'ariniugii
728 2710 823 2760 notem
835 2705 870 2759 ad
878 2706 989 2760 Arirtot.
996 2710 1090 2775 ΜΗ.
1099 2705 1167 2775 aeq.)
1175 2705 1292 2760 releren-

254 2785 325 2840 dnm
333 2790 383 2840 eet.
406 2787 462 2841 ded
472 2789 559 2844 addit:
578 2794 610 2842 ut
621 2790 723 2843 tibicen
731 2789 818 2843 audiri
828 2789 920 2858 pondi.
941 2787 997 2841 Hic
1005 2787 1211 2855 oberrantium,
1217 2792 1291 2841 acto·

255 2882 313 2920 reru
324 2868 473 2937 principem
484 2870 569 2924 totiua
579 2872 668 2939 gregia
675 2868 749 2940 apud
761 2871 899 2925 Romanoa
908 2870 1018 2923 mimica
1029 2870 1233 2937 gesticulatione
1242 2885 1291 2923 ex·

254 2950 383 3018 proadem
393 2952 531 3005 cauticum
542 2953 578 3006 ad
586 2952 703 3005 tibicinia
713 2952 818 3019 medor,
826 2956 855 3005 et
865 2950 916 3005 boc
928 2950 1000 3004 obori
1011 2953 1071 3004 loco
1079 2950 1170 3003 fuiaoe.
1207 2949 1289 3014 Quod

255 3029 279 3081 al
297 3029 349 3083 boc
363 3030 508 3099 diligenter
517 3032 744 3099 animadverteris,
759 3034 848 3087 motta
864 3034 926 3085 luce
945 3031 1054 3101 perbraa
1071 3046 1131 3085 erae
1147 3030 1289 3099 intelligor,

255 3111 357 3180 quibua
367 3114 459 3183 opinare
471 3115 601 3169 limenun
611 3116 707 3171 cunae
718 3120 795 3171 erent
810 3116 940 3169 tenebre.
975 3114 1021 3169 sic
1038 3114 1149 3183 patebit,
1161 3113 1226 3182 qnid
1238 3114 1289 3167 eibi

254 3194 341 3265 velint
357 3196 439 3250 verbe
457 3198 488 3251 in
505 3196 659 3251 ddaeealiie
677 3198 901 3251 Tereotlaoarum
920 3194 1073 3251 fabularum
1094 3210 1190 3264 parurn
1210 3194 1290 3247 intol-

255 3276 343 3330 lecta:
361 3278 417 3346 egit
427 3280 581 3334 Ambirlua.
616 3279 682 3333 Fuit
692 3278 868 3333 iadmblriue
884 3279 972 3347 gregia
982 3277 1079 3331 comici
1096 3278 1246 3332 conductor
1260 3280 1289 3329 et

255 3358 316 3426 ¹9⁸0
327 3363 513 3422 'mmerit-
547 3362 612 3417 Jam
622 3377 687 3415 rero
694 3363 717 3415 ai
725 3362 833 3426 dieitur,
843 3362 920 3415 illum
931 3362 1018 3428 eriere
1029 3360 1149 3414 tabulam
1160 3360 1290 3427 Terentii,

257 3432 447 3509 accipiendum
457 3442 525 3494 illud
540 3443 628 3495 eatde
637 3442 755 3507 χυμμίρ
766 3446 794 3494 et
810 3442 1016 3509 periculatiouo
1026 3442 1144 3507 mimica,
1160 3457 1216 3511 qua
1226 3458 1290 3495 can·

254 3523 321 3584 tica,
332 3522 405 3576 Livii
421 3524 568 3577 Andronici
577 3539 661 3588 more,
671 3525 803 3593 expremit
817 3524 969 3577 Ambiviua.
1005 3525 1088 3577 Porro
1107 3525 1129 3576 ri
1146 3524 1175 3577 in
1192 3524 1288 3577 eadem

254 3604 408 3657 dideaoalia
416 3605 547 3657 traditum
565 3604 688 3672 legium
699 3605 796 3657 modoe
810 3606 906 3657 leoieae
918 3604 1057 3669 Flaccum,
1073 3604 1231 3672 intelligitur
1242 3620 1289 3672 py-

253 3685 363 3739 tbaolea
376 3685 427 3755 (aio
443 3687 636 3756 oppoununtur,
653 3686 702 3755 qni
718 3688 791 3739 eolua
807 3685 915 3739 cantico
932 3685 1081 3749 recinebat,
1098 3688 1128 3738 et
1145 3685 1289 3754 opponitur

255 3766 400 3834 obmamee,
411 3770 485 3837 quod
496 3766 576 3821 docte
593 3768 715 3836 probavit
724 3766 872 3821 Selmaaiua
881 3768 917 3820 ad
928 3766 1036 3835 Seriptt.
1056 3764 1129 3819 Hirt.
1142 3766 1215 3833 Aug.
1229 3769 1248 3817 t.
1261 3775 1288 3818 t.

254 3864 284 3917 p.
297 3850 370 3921 825),
380 3852 428 3921 qui
438 3851 566 3905 Ambivio
576 3851 683 3903 cantica
693 3850 802 3905 ealbnti
812 3849 957 3903 accineret.
992 3848 1099 3902 Diaerte
1110 3847 1182 3901 enim
1196 3846 1289 3899 Dona-

253 3936 310 3994 toe‚
321 3934 365 3985 rel
382 3931 539 4001 quicunque
556 3932 669 4000 antiqua
680 3931 727 3984 illa
742 3937 779 3996 et,
793 3930 818 3983 ai
835 3929 944 3983 laciniae
961 3930 1061 3998 paaaim
1078 3932 1183 3981 aaautu
1201 3927 1289 3989 tollae,

254 4012 413 4066 doetiarlnm
428 4014 580 4081 fragmenta
595 4013 631 4065 de
651 4012 786 4080 begoedia
803 4015 834 4064 et
850 4010 987 4065 comoedia
1004 4009 1168 4079 compilarit,
1188 4008 1289 4063 Donati

254 4096 458 4149 commentariis
467 4096 497 4149 iu
507 4094 666 4148 Terentium
681 4094 784 4162 preeflgi
795 4093 882 4157 nolite,
896 4092 1004 4159 diserte,
1013 4093 1134 4161 mquam,
1147 4090 1288 4145 Donatuet

253 4176 757 4245 diverbiebiatriooeeproountiebant;
774 4173 881 4228 cantica
889 4190 954 4227 uero
963 4172 1182 4241 temperabantur
1192 4170 1289 4237 medie,

255 4276 339 4315 nona
349 4266 438 4330 poeta,
456 4261 504 4315 aed
522 4276 540 4312 a
555 4262 641 4329 perito
651 4258 876 4323 muriceaseotir.
911 4257 1028 4322 Deinde,
1045 4256 1068 4308 ei
1085 4255 1136 4308 boo
1155 4258 1289 4317 tenemur,

254 4356 312 4396 non
323 4344 381 4407 erit,
392 4344 468 4413 quod
481 4342 558 4396 valde
567 4341 695 4394 aollicitca
704 4340 805 4392 babeat
812 4341 844 4391 et
860 4338 1020 4392 exercitator
1037 4336 1065 4390 in
1077 4336 1175 4391 Plauto
1192 4340 1220 4387 et
1234 4334 1288 4387 Τε-

254 4425 343 4478 rentie
353 4426 467 4494 legendo
476 4424 611 4478 abnormis
621 4421 782 4486 etutnobia
791 4420 904 4491 quidem
911 4419 1128 4486 videtuainepte
1137 4432 1210 4485 aeepe
1219 4420 1289 4469 tem·

254 4522 353 4577 porum
364 4506 535 4573 dieiaic‚ubi‚
551 4506 600 4575 qul
609 4505 693 4560 modo
710 4504 841 4573 loquutur
858 4502 953 4567 luerat,
970 4504 1045 4553 actor
1060 4499 1152 4553 atatim
1172 4498 1287 4550 reditio

135 4580 138 4585 ’
255 4604 377 4656 κω,
385 4587 593 4658 bemecbejem
604 4586 678 4642 domi
686 4586 768 4642 rebor
778 4585 914 4651 omuibus,
925 4598 996 4653 quae,
1006 4584 1030 4637 ei
1042 4582 1076 4635 ed
1088 4585 1206 4637 ceruam
1218 4584 1287 4633 tom·
