3292 5575
407 708 476 769 mu
500 706 716 769 COMBCI'S
740 704 1156 771 nlmtnslottmtts.
1250 706 1311 771 xli·

262 908 335 950 ntur.
366 886 445 951 Nem
457 908 634 970 quamquam
646 889 743 951 brevis
755 888 870 969 syllaba
882 899 987 949 nemra
995 905 1052 949 sua
1062 888 1142 969 prior
1156 898 1212 961 est,
1224 907 1320 968 quasn-

261 998 358 1076 langa,
373 998 482 1077 quippe
496 996 654 1077 simplicior
666 1008 728 1059 est:
748 1006 850 1071 tamma
862 1014 917 1076 per
926 994 1006 1054 initia
1013 988 1214 1055 inventionum
1223 1012 1314 1055 cuno·

261 1102 397 1163 tabantur
410 1103 545 1183 primum.
559 1122 626 1182 quse
640 1104 713 1163 ratio
727 1112 782 1174 est,
793 1114 827 1163 ut
836 1120 942 1161 vocum
950 1098 1026 1160 fines
1037 1098 1067 1158 in
1077 1098 1315 1178 pronuntiatione

261 1208 465 1269 obscurentur.
482 1275 487 1287 ¹
506 1207 554 1268 Ite
566 1208 643 1267 enirn
657 1205 834 1278 meditantis,
849 1216 881 1265 et
893 1204 1018 1266 consulti
1031 1204 1120 1265 animi
1133 1204 1316 1283 suspendere

263 1332 379 1391 vocem,
400 1334 459 1375 non
473 1313 656 1394 precipitare.
698 1312 898 1379 Quamobrem
911 1322 969 1372 tam
982 1311 1013 1371 in
1027 1310 1173 1383 vasibus„
1184 1329 1272 1389 quani
1285 1308 1317 1367 in

263 1418 504 1497 prosa-aratione,
524 1429 737 1499 pommerum
750 1418 928 1498 syllabarum
943 1415 1048 1477 habita
1066 1414 1142 1475 ratio
1162 1424 1210 1475 est
1227 1413 1317 1473 nulla.

265 1522 441 1583 Trochoeurn
462 1524 551 1603 igitur
573 1524 767 1602 antiquiorem
787 1523 878 1584 fuisse
895 1523 1005 1602 jambo,
1030 1532 1062 1581 et
1079 1520 1234 1601 dactylum
1248 1539 1318 1581 ana·

264 1638 358 1706 petto
367 1648 421 1707 por
433 1640 488 1689 ests
518 1630 599 1709 Ergo
612 1630 795 1691 trochaicum
808 1648 925 1689 vorsum
932 1627 1063 1705 jambico
1076 1625 1219 1706 priorem.
1236 1628 1317 1693 Qua-

264 1752 301 1792 re
313 1752 379 1793 oum
393 1733 493 1812 primm
509 1754 633 1813 queque
653 1733 740 1795 sedes
756 1734 886 1793 unchaeo
898 1732 1012 1793 fuerint
1021 1732 1194 1811 peculiares,
1216 1732 1319 1791 alterna

266 1838 307 1898 illi
320 1839 429 1901 relicte
450 1851 528 1901 runt.
570 1840 722 1901 Preterea
738 1860 805 1903 oum
827 1838 975 1901 ιιοιιίιωιιι
996 1847 1076 1898 esset
1099 1857 1156 1917 pes
1171 1835 1317 1908 volubilis,

264 1948 361 2011 statim
379 1967 446 2009 sesa
464 1946 600 2026 ingressit
620 1947 788 2008 inversum.
828 1946 953 2007 Jambus
974 1955 1075 2005 autam
1097 1953 1245 2023 grassator
1267 1942 1318 2002 ille

264 2056 342 2117 idem
361 2055 444 2129 fecit,
465 2054 544 2134 quod
568 2054 699 2117 civilibus
717 2055 747 2115 in
765 2054 853 2113 rebus
873 2050 1005 2131 plurimis
1026 2048 1240 2109 consuevimus.
1280 2048 1319 2107 In
1416 2078 1424 2091 ·

265 2161 395 2223 oratione
409 2161 483 2241 ipsa,
495 2172 531 2221 ut
541 2160 693 2241 principiis
702 2160 798 2241 gravis
817 2179 855 2220 ac
872 2157 981 2219 sedate
993 2156 1041 2228 sit,
1062 2172 1190 2235 pugnem
1200 2174 1320 2234 quoque

265 2266 593 2348 mutimsggrerlimurs
613 2278 675 2327 tum
693 2268 744 2328 illa
763 2266 888 2327 incitatu
901 2263 1081 2325 manescit:
1100 2262 1146 2323 sic
1157 2262 1198 2323 ad
1213 2262 1321 2325 saluum

265 2374 320 2439 nbi·
334 2394 538 2455 comparamus
557 2394 621 2447 nos,
641 2372 744 2433 fortius
757 2372 865 2453 pedem
881 2370 1008 2449 figimus,
1028 2379 1061 2429 nt
1080 2367 1211 2430 statariae
1229 2386 1321 2429 ruore

265 2484 405 2555 mujcoem
426 2478 567 2559 impetum
587 2478 782 2555 subjiciamus.
826 2476 876 2539 sio
891 2476 1066 2537 Aristoteles
1084 2474 1212 2537 omnium
1229 2474 1324 2536 bona-

268 2602 332 2647 rum
355 2585 461 2645 artium
485 2583 631 2659 dominns,
653 2594 771 2643 motum*
783 2602 899 2643 omnem
917 2584 973 2643 suh
994 2582 1091 2643 linem-
1103 2601 1170 2641 esse
1187 2581 1323 2661 probavit

269 2688 495 2749 concitatiorem.
537 2689 585 2751 Ita
597 2687 904 2770 proposito-spondeo,
924 2699 956 2749 et
968 2688 1080 2766 jambo,
1101 2688 1196 2747 sarius
1207 2688 1265 2747 filit
1280 2688 1320 2747 eb

146 2863 150 2868 1
270 2791 328 2852 hoe
346 2793 429 2852 illum
440 2793 550 2874 suscipi.
591 2793 955 2853 Proetsresrecentissima
968 2813 1086 2874 quaque
1103 2793 1322 2855 memoriafere

213 2917 217 2920 ·
269 2897 492 2980 metimunipsas
504 2919 562 2960 res.
576 2917 665 2980 quare
679 2899 827 2978 assignata
844 2898 1025 2980 primasade
1037 2898 1200 2971 trochaico,
1220 2897 1324 2958 ultima

270 3023 395 3084 qnoque·
406 3005 573 3066 neocesario
591 3005 721 3066 noohaeo
743 3004 850 3064 finitum.
891 3007 968 3073 Qnae
985 3005 1082 3079 sedes,
1102 3006 1227 3087 primam
1242 3005 1322 3078 dico,

270 3109 522 3190 sijambifuisset,
544 3111 574 3170 in
594 3110 697 3171 ultima
708 3113 841 3188 iambum
853 3110 966 3170 nullum
982 3111 1176 3172 haber-smum
1195 3131 1274 3172 nnnc
1287 3122 1323 3170 ut

269 3214 300 3275 in
312 3217 412 3277 anille
425 3217 480 3288 sit..
492 3237 579 3298 pares
591 3217 683 3278 sedes-
690 3215 732 3276 illi
745 3216 937 3277 attribuendae
948 3217 1055 3280 fueras
1074 3230 1108 3279 ut
1121 3220 1323 3281 moestissimo

270 3341 352 3395 runo,
373 3323 481 3405 qnippe
503 3323 669 3395 novissimo,
693 3343 778 3383 aures
799 3333 999 3404 spectatorum
1020 3337 1202 3405 ceperanum.
1244 3327 1323 3397 Qua

271 3427 310 3490 tle
322 3429 500 3490 universa-re
513 3429 638 3489 dicenda
651 3439 744 3500 arant,
764 3429 829 3488 sero
845 3429 938 3492 habes
957 3431 1058 3512 sylvi:
1079 3451 1169 3512 quare
1183 3431 1323 3512 deinceps

271 3533 310 3594 erl
331 3551 377 3609 ea,
398 3555 466 3616 quse
485 3533 681 3615 particulatim
695 3534 897 3596 animadversa
908 3547 986 3610 sunt,
1001 3517 1223 3599 descendamus.
1263 3538 1323 3597 At·

273 3658 330 3719 qne
341 3639 486 3720 equidem
507 3651 541 3700 nt
553 3659 619 3701 sese
632 3639 763 3714 offerent,
777 3641 819 3700 ita
833 3661 870 3703 ea
882 3643 1056 3704 describam.
1099 3643 1145 3704 sit
1156 3663 1230 3723 ergo
1243 3641 1323 3722 qnod

273 3745 355 3808 affort
369 3747 407 3808 ab
423 3746 592 3828 Adelphloo
610 3767 715 3810 vomu:
736 3749 802 3827 quid
815 3751 841 3808 is
851 3749 950 3830 fecit?
969 3749 1035 3826 quid
1049 3748 1226 3829 {Hostem-it?
1245 3767 1333 3824 quen-

272 3873 355 3930 mqoe
367 3854 463 3930 pauet.
505 3853 581 3914 Cum
603 3855 680 3914 enim
698 3864 874 3934 agnosceret
884 3855 1050 3927 sensnum„
1061 3875 1159 3933 nequo
1179 3854 1322 3913 rationem

272 3958 352 4020 inire
362 3970 463 4038 posset
476 3959 696 4034 dimensionum,
716 3963 836 4023 abstulit
848 3962 969 4022 alteram
986 3980 1025 4020 ex
1035 3959 1152 4039 liquidis
1163 3958 1194 4018 in
1214 3978 1323 4038 prono·

273 4063 359 4136 mine,
379 4065 443 4126 ille.-
463 4064 494 4124 ivl
512 4067 591 4145 quod
612 4078 645 4126 ut
665 4087 855 4147 egoquoque
880 4067 986 4139 fateon
1006 4076 1039 4126 at
1055 4083 1161 4145 posse„
1173 4075 1207 4124 et
1225 4062 1322 4126 solens

274 4169 349 4230 lieri:
369 4171 412 4232 its
425 4171 545 4233 hioduo
557 4172 636 4234 diuo.
678 4173 818 4246 Primum,
833 4173 871 4234 ab
885 4191 922 4233 eo
936 4168 1076 4232 creticum
1089 4177 1196 4248 quarta
1205 4168 1236 4228 in
1249 4169 1322 4230 sed'a

274 4295 339 4339 esse
352 4277 565 4340 constitutum:
586 4290 786 4358 quam-teman
800 4277 907 4359 pedem
925 4275 1000 4336 adeo
1013 4273 1173 4348 evitaverit,
1191 4286 1229 4335 nt·
1239 4294 1322 4335 ever·

272 4383 342 4444 terit
354 4383 456 4445 multa.
495 4385 615 4446 Deinde
625 4404 725 4446 versus
737 4385 893 4465 aut'ipsum
904 4380 1061 4460 inmolare,
1082 4361 1268 4444 autaliorum
1279 4380 1322 4440 in·

274 4490 353 4552 curie
365 4492 477 4554 solutos
491 4491 665 4572 praeterisse.
708 4491 758 4554 Sic
771 4492 849 4553 enim
861 4489 980 4569 legendi
990 4500 1076 4550 sunt:
1096 4490 1169 4568 quod
1180 4489 1323 4547 trr'otvm?

276 4599 380 4676 rogitas
403 4619 453 4671 me,
479 4599 524 4657 ubi
544 4600 618 4658 mla
633 4596 776 4658 AErulirrut
796 4597 866 4670 stet,
887 4597 1049 4675 prridtm'stu
1070 4617 1120 4674 rgo
1138 4597 1211 4656 siml
1231 4593 1321 4652 dimne
