3292 5575
398 752 438 806 ω
710 739 1074 807 ARGUMENTUM.

395 924 516 984 nutricis
538 924 577 983 ob
599 923 807 1007 parturientem
827 925 1008 1005 Pamphilam
1032 925 1159 987 vitiatam
1177 926 1214 988 ab
1233 924 1393 991 AEschinot

396 1023 506 1082 Getsm
519 1022 703 1082 nunciantem
713 1022 837 1082 dominae
852 1044 912 1084 snae
922 1043 975 1103 per
983 1043 1123 1098 errorem,
1136 1025 1216 1106 quod
1225 1024 1279 1085 sibi
1290 1045 1394 1106 rapue-

393 1120 432 1178 rit
445 1118 603 1178 AEschinus
614 1120 818 1180 meretricem:
841 1117 965 1180 reditum
980 1121 1010 1179 in
1024 1141 1144 1182 scenam
1165 1123 1304 1182 Demeae:
1321 1127 1393 1200 ejus
1417 1159 1423 1166 ,

394 1217 522 1295 demque
536 1235 602 1274 cum
616 1216 691 1299 Syro
704 1216 874 1277 ludificante
888 1218 1178 1279 sermocinationem:
1200 1219 1393 1279 interventum

395 1313 551 1389 Hegionis,
571 1334 638 1374 curn
657 1314 777 1392 querela
790 1313 867 1392 spud
886 1315 1013 1374 eundem
1035 1315 1180 1376 Demeam
1195 1316 1233 1375 de
1250 1314 1328 1376 facto
1342 1317 1394 1376 AE-

393 1409 497 1481 schini,
510 1411 548 1470 de
559 1410 755 1470 consolatione
767 1409 917 1470 Sostrate.
960 1411 1083 1480 Quartus
1092 1411 1242 1472 octoshoec
1253 1413 1392 1486 continet,

395 1507 582 1586 Ctesiphonis
592 1527 659 1567 cum
671 1507 745 1588 Syro
756 1507 947 1585 colloquium:
969 1508 1149 1570 delusionem
1160 1510 1301 1570 Demere:
1316 1512 1399 1590 ejus*

394 1603 520 1684 demque
533 1604 563 1662 in
578 1623 697 1664 scenam
716 1598 924 1676 interventum,
946 1615 1036 1686 atque
1059 1605 1217 1665 secundam
1230 1604 1392 1666 frmtratio·

393 1720 459 1760 nem
470 1720 523 1780 per
533 1700 639 1781 Syrum
647 1700 774 1787 factam:
796 1700 934 1761 Micionis
959 1721 1026 1761 cum
1049 1701 1189 1781 Hegions
1211 1723 1391 1764 sermonem:

392 1797 542 1876 querelam
552 1795 687 1858 AEschini
699 1798 738 1856 de
751 1798 840 1858 rebus
849 1798 919 1870 suis,
929 1799 1192 1877 ejusdemquecum
1199 1798 1331 1859 Micione
1338 1818 1392 1880 pa·

390 1904 435 1952 tre
449 1885 656 1954 laestissimam
670 1893 915 1954 dissertationem:
937 1894 1061 1953 Demeae
1084 1890 1211 1955 reditum
1224 1896 1255 1955 in
1266 1877 1392 1956 'scenam

392 2009 431 2050 ex
447 2010 556 2062 errore,
571 1991 601 2053 in
612 2009 699 2071 quem
710 2011 777 2051 enm
791 1995 956 2066 conjecerat
968 1989 1078 2071 Syrus:
1100 2003 1130 2051 et
1143 2003 1314 2053 renovatum
1322 1998 1392 2054 cum

390 2086 482 2147 fratre
496 2087 630 2165 ejusdem
640 2088 789 2166 jurgium:
810 2087 1027 2167 processionem
1050 2088 1079 2146 in
1100 2107 1217 2148 scenam
1237 2089 1390 2149 temulenti

393 2180 472 2261 Syri.
516 2182 634 2251 Quintus
647 2193 725 2242 octos
738 2183 804 2243 hoec
817 2182 956 2252 continet,
965 2183 1225 2269 deprehensionem
1234 2171 1389 2265 Ctesipho·

392 2279 437 2338 nis
462 2299 531 2339 cum
550 2278 723 2339 meretrice:
744 2279 863 2338 tertium
879 2299 945 2338 cum
960 2279 1092 2341 Micione
1109 2277 1240 2360 jurgium
1254 2283 1387 2353 Demeae,

391 2374 582 2453 ejusdemque
596 2374 662 2452 vites
675 2373 805 2454 pristinae
819 2375 1051 2455 correptionem:
1072 2388 1103 2438 et
1112 2397 1165 2458 per
1179 2397 1246 2437 eum
1256 2378 1348 2438 muita
1357 2379 1389 2437 in
1448 2399 1453 2410 ·

392 2470 536 2531 comoedia
548 2491 633 2544 nova,
644 2471 766 2554 hocest,
777 2471 1007 2531 blandimentum
1021 2473 1098 2533 circa
1111 2473 1292 2547 AEschinum,
1303 2484 1333 2534 et
1344 2475 1389 2534 sl'·

389 2566 561 2627 fsbilitatem
581 2567 659 2628 circa
678 2568 804 2627 Getam:
827 2559 1138 2651 conciliationem'Syri
1149 2582 1180 2632 et
1193 2559 1293 2632 uxoris
1307 2576 1388 2650 ejus:
1425 2627 1427 2632 .

390 2664 545 2725 streniam
556 2665 637 2725 circa
650 2664 874 2745 Ctesiphonem:
894 2667 1169 2747 permissionemque
1177 2668 1320 2728 habendae
1325 2690 1388 2728 me-

390 2763 513 2825 retricis.
556 2762 694 2824 Servatur
706 2757 805 2823 autem
823 2781 876 2843 per
892 2773 984 2825 totam
994 2764 1123 2825 fabulam
1133 2765 1208 2826 mitis
1219 2766 1322 2840 Micio,
1333 2787 1387 2827 sae-

389 2880 441 2921 vus
455 2861 581 2931 Demea,
603 2860 672 2919 leno
692 2880 805 2931 avarus,
832 2860 953 2921 callidus
976 2861 1076 2941 Syrus,
1094 2863 1212 2923 timidus
1235 2864 1386 2943 Ctesipho,

387 2942 513 3018 liberalis
528 2956 698 3037 AEschinus,
712 2959 824 3036 pevidae
838 2958 984 3029 mulieres,
1006 2960 1101 3037 gravis
1116 2960 1226 3039 Hegio.
1266 2960 1304 3019 In
1315 2948 1394 3020 ‹lisi-vm

389 3054 492 3113 dendis
516 3052 628 3113 actibus
641 3052 749 3112 fabulse
757 3054 916 3115 identidem
927 3056 1152 3127 meminerimus,
1162 3057 1255 3136 primo
1265 3058 1386 3138 pagins-

389 3170 454 3210 rum
466 3149 726 3209 dinumerationem
739 3170 836 3229 neque
851 3151 985 3223 Graecos,
994 3172 1092 3232 neque
1103 3153 1225 3213 Latinos
1236 3174 1382 3215 servasse:

387 3267 477 3327 quum
491 3252 554 3322 ejus
567 3245 731 3305 distributio
744 3248 910 3322 hujusmodi
925 3248 1064 3307 rationem
1078 3250 1195 3322 habeat,
1219 3259 1251 3307 ut
1275 3250 1325 3310 ubi
1339 3262 1383 3311 at·

387 3344 496 3404 tentior
509 3353 660 3423 spectator
670 3362 735 3403 esse
748 3344 888 3423 potuerit,
898 3344 1013 3423 longior
1026 3357 1106 3405 sotus
1115 3346 1169 3407 sit:
1192 3347 1240 3406 ubi
1250 3346 1383 3408 fastidio·

387 3442 455 3514 sior,
468 3440 584 3521 brevior
598 3452 687 3519 atque
708 3440 895 3501 contractior.
936 3441 1055 3501 Deinde
1070 3444 1156 3503 etiam
1170 3442 1251 3516 illud,
1266 3443 1296 3503 in
1309 3464 1381 3505 eun-

387 3539 456 3598 dem
479 3546 577 3596 sctum
586 3536 674 3617 'posse
689 3536 802 3613 conjici,
818 3547 849 3596 et
859 3547 919 3597 tres
934 3550 964 3598 et
978 3550 1103 3618 quatuor
1115 3558 1218 3601 scenas
1231 3543 1380 3602 introeun-

384 3635 457 3694 tium
478 3645 567 3712 etque
581 3634 749 3693 exeuntium
770 3654 969 3713 personarum.
1010 3636 1103 3697 Facta
1126 3648 1224 3698 sutem
1244 3639 1308 3699 haec
1322 3660 1383 3700 uns

384 3729 480 3815 estade
494 3730 608 3791 duabus
617 3730 731 3805 fabulis,
757 3731 902 3812 Adelphis
924 3732 1091 3808 Menandri,
1113 3748 1144 3796 et
1158 3738 1381 3799 Commorienti-

381 3830 437 3889 bus
450 3826 572 3907 Diphili.
