3292 5575
524 699 589 760 DE
621 699 809 765 Marma
841 705 1070 772 cometa·
1219 713 1302 774 exiii·

269 880 439 960 hannani
447 880 545 944 anama
553 892 608 955 ea,
619 882 796 963 respiciunt3
807 885 833 946 ti
843 903 879 946 ea
887 887 983 950 brevia
995 888 1042 962 ait,
1060 887 1200 971 syllabam
1213 911 1265 972 pro
1275 894 1309 954 li·

269 986 512 1068 hitacorripinnt.
544 988 639 1068 ldqne
658 1009 720 1052 nen
742 991 774 1050 in
795 992 903 1054 ultimis
922 993 1010 1052 modo
1026 995 1178 1054 verborum
1192 995 1310 1076 syllabia

267 1095 500 1170 mammet,
520 1096 574 1158 aed
596 1097 626 1156 in
646 1098 709 1158 aliia
729 1100 816 1160 etiam
834 1101 987 1180 quibusvis,
1004 1101 1117 1174 mediis,
1137 1103 1309 1182 primia‚niai

268 1211 370 1262 contra
382 1203 481 1264 nbatct
494 1213 654 1275 accentum
674 1215 793 1266 acutum
811 1205 895 1266 illum
914 1205 1045 1286 intelligo
1058 1215 1198 1280 tenorem,
1214 1208 1263 1287 qni
1279 1209 1311 1268 in

268 1306 348 1366 omni
371 1327 445 1366 voce
467 1327 541 1369 unna
556 1319 611 1379 eat,
629 1309 828 1392 ayllabamqne
847 1331 934 1394 quam
955 1313 1035 1374 acuit
1054 1332 1116 1393 prae
1137 1313 1242 1374 cetaria
1264 1313 1309 1374 in.

267 1411 373 1484 tandit,
388 1423 419 1472 et
438 1413 618 1473 intendendo
627 1433 705 1481 vete
715 1420 778 1493 ejua
788 1416 943 1496 quantitati
953 1417 1079 1499 aliquam
1089 1438 1194 1480 novem
1207 1419 1309 1492 addit;

268 1520 669 1599 enmintentinneillamajor
679 1523 859 1604 aliquantum
868 1523 1085 1586 morainacnta
1093 1525 1310 1605 pronuntianda

266 1625 448 1686 inanmattnt
466 1627 538 1688 alins
555 1627 728 1707 poaitionem
745 1629 834 1690 facile
845 1628 1008 1708 negligunt,
1023 1629 1169 1710 proeeipne
1191 1629 1309 1710 quidem

266 1729 348 1792 illam
368 1751 435 1812 quae
452 1751 490 1792 ex
513 1735 617 1794 eadem
639 1753 767 1795 cenaene
786 1733 934 1814 geminata
947 1733 1046 1808 alitur,
1061 1752 1127 1794 cum
1150 1733 1309 1814 antiquitus

266 1836 510 1912 ejnamodivoeea
529 1837 616 1898 litera
632 1838 764 1918 simplice
786 1838 903 1919 scriptae
927 1847 1042 1908 eaaent;
1063 1836 1131 1897 dein
1143 1837 1222 1898 illam
1240 1858 1307 1918 quae
1393 1815 1396 1828 Ι

266 1941 302 2002 fit
321 1962 359 2002 ex
374 1953 457 2002 muta
469 1952 501 2002 et
519 1943 639 2023 liquide,
661 1955 712 2004 ant
730 1963 769 2004 ex
785 1942 933 2023 quibusvis
953 1942 1015 2003 nliia
1036 1942 1170 2002 conscilia
1192 1963 1256 2023 quoe
1278 1943 1309 2002 in

267 2043 347 2106 vocis
357 2047 439 2108 initio
450 2049 583 2108 connecti
594 2059 725 2130 poenum,
736 2050 816 2110 nulla
824 2049 919 2110 vocali
932 2047 1109 2128 interposita.
1131 2047 1191 2108 Sed
1200 2067 1256 2108 nec
1267 2047 1309 2108 in-

267 2162 314 2213 tra
328 2154 384 2213 hoa
396 2154 470 2214 linea
480 2175 513 2215 ae
533 2156 756 2227 continuerunt;
777 2172 959 2234 quaecunque
974 2171 1111 2212 consonae
1127 2152 1246 2212 brevem
1259 2171 1309 2212 vo-

267 2257 363 2319 calem
373 2259 529 2339 excipiant,
546 2260 647 2320 aivein
664 2261 778 2331 eadam,
797 2259 901 2320 sivein
912 2257 1171 2330 diveniavncibua,
1181 2257 1308 2338 longitu-

266 2362 365 2424 dinem
379 2384 445 2444 qua
459 2363 564 2426 exinde
574 2366 696 2446 syllabae
706 2365 858 2436 accrescit,
872 2362 1027 2445 pronihilo
1041 2363 1161 2434 habent,
1173 2373 1204 2424 et
1213 2362 1238 2422 ai
1247 2381 1310 2424 vet-
1340 2421 1342 2428 ,

266 2471 368 2531 auaita
384 2472 521 2551 postulet,
539 2471 605 2532 ilico
615 2472 790 2552 corripiente
808 2470 907 2543 immo,
920 2469 999 2549 quod
1008 2467 1100 2548 megia
1114 2467 1228 2542 mirere,
1246 2479 1309 2527 ma'.

266 2574 396 2636 lunthee
410 2575 586 2656 corripiendi
602 2575 720 2658 licentia
730 2577 782 2646 nti,
802 2575 916 2638 etiam
929 2574 1017 2636 facile
1035 2573 1072 2634 ab
1086 2593 1122 2634 aa
1138 2565 1241 2634 cavere
1255 2594 1307 2654 po·
1420 2633 1422 2641 ,

266 2681 399 2754 tentent,
416 2703 505 2764 qnam
522 2703 626 2743 vocem
638 2682 824 2762 ‹liaayllabam
841 2684 922 2757 cnjus
935 2678 1029 2759 prima
1046 2677 1142 2738 brevia
1155 2688 1210 2749 eat,
1224 2677 1254 2736 in
1265 2679 1308 2736 di·

268 2806 366 2847 veraca
387 2787 478 2867 pellea
498 2787 669 2859 distrahere,
694 2807 762 2847 cum
784 2784 895 2846 crebrae
919 2802 1039 2845 eoeaurae
1052 2780 1211 2843 orationem
1224 2780 1307 2842 nimia

267 2892 440 2971 exquiaitam
460 2904 493 2953 et
508 2893 696 2965 elaboratam,
716 2888 995 2951 numerosamnimia
1014 2898 1046 2949 et
1063 2907 1082 2948 a
1098 2886 1228 2987 pedestri
1247 2904 1309 2947 aer·

269 3016 357 3057 mone
370 3009 512 3057 remotam
525 2998 642 3057 facient.

307 3101 396 3167 Quod
407 3102 522 3163 videtur
533 3102 620 3163 etiem
633 3103 663 3161 in
677 3102 872 3175 canusinae,
887 3122 941 3163 cnr
948 3102 1033 3163 tntiaa
1042 3102 1166 3163 creticos
1180 3101 1308 3183 quamvis

266 3226 328 3267 une
340 3216 474 3287 tempore
481 3213 562 3284 juste
574 3208 729 3287 longiorea,
743 3208 964 3269 ditrochaeorum
978 3216 1073 3286 partes
1085 3206 1220 3268 fecerint.
1240 3207 1310 3267 Hoc

267 3312 346 3373 enim
367 3332 568 3393 aaepennmere
589 3315 626 3373 ab
647 3314 684 3373 iia
701 3313 810 3374 factum
823 3312 917 3392 quivis
929 3311 1015 3373 facile
1028 3310 1153 3381 viderit3
1174 3312 1228 3373 sed
1242 3331 1306 3373 cre-

267 3417 340 3477 tieoa
353 3428 497 3498 quatenns
510 3418 636 3505 creticoa
655 3438 715 3479 non
732 3431 915 3500 receperunt,
934 3438 999 3479 cnm
1010 3419 1068 3506 iste
1081 3436 1135 3499 pes
1149 3418 1186 3479 ab
1199 3416 1244 3477 hia
1258 3436 1309 3496 ge·

265 3523 386 3583 neribus
401 3524 517 3583 omnino
530 3524 701 3585 abbeneat:
723 3525 777 3585 hoa
789 3524 879 3603 igitur
894 3523 997 3603 pedes,
1019 3522 1090 3583 licat
1103 3540 1204 3583 revera
1219 3522 1306 3585 creti·

231 3703 236 3711 l
266 3645 328 3701 cea,
341 3646 379 3689 ae
389 3628 511 3707 pminde
528 3628 658 3707 quinque
669 3638 842 3709 temporum,
856 3629 984 3691 veraibna
997 3629 1057 3689 auia
1069 3627 1233 3689 immiscent
1245 3628 1307 3709 qui·

266 3731 347 3804 dem,
368 3732 424 3792 aed
442 3732 495 3792 anb
507 3732 565 3793 alia
577 3733 703 3812 quadam
724 3733 842 3814 apecie;
865 3754 945 3795 nunc
963 3734 1062 3813 utique
1085 3733 1205 3813 dactyli,
1226 3752 1306 3793 nnnc

265 3839 420 3919 anapoeati,
443 3838 536 3919 prima
557 3839 669 3901 scilieet
690 3840 738 3899 vel
758 3839 860 3899 nltima
872 3858 925 3921 pro
949 3847 1083 3917 correpta
1100 3836 1210 3909 habita,
1225 3856 1305 3897 nunc

265 3944 400 4025 apendei‚
414 3944 523 4005 extrita
534 3945 631 4006 media
643 3945 748 4025 vocali,
761 3945 855 4005 vicem
866 3945 1020 4005 watinent.
1048 3942 1220 4003 Maluerunt
1232 3941 1309 4003 acili-

237 4099 240 4110 .
267 4050 474 4129 cetproaodiae
487 4050 568 4127 legen
590 4049 768 4129 aliquantum
784 4048 901 4122 violare,
916 4068 1003 4130 quam
1020 4046 1191 4109 asermnnis
1205 4057 1308 4107 natura
1361 4082 1366 4089 ·

267 4163 299 4213 et
311 4153 516 4231 pronuntiandi
536 4154 744 4215 conauemdine
762 4154 879 4214 nimium
903 4154 1058 4224 recedere
1080 4172 1146 4213 eum
1158 4151 1220 4213 iatia
1233 4151 1307 4231 legi·

266 4259 322 4318 bna
335 4260 457 4339 obsequi
467 4280 528 4319 non
539 4260 696 4340 patuerint,
710 4260 766 4320 niai
779 4259 888 4321 crebris
902 4259 1019 4321 coeauria
1032 4268 1189 4331 uterentur,
1204 4269 1235 4319 at
1242 4278 1307 4319 ver·

265 4366 369 4445 lterum
382 4366 524 4427 creticum
535 4368 642 4447 pedem
656 4366 890 4429 conatituentium
902 4364 1018 4425 ultimae
1031 4362 1156 4443 syllabae
1170 4382 1187 4421 a
1205 4362 1306 4442 prieti·

266 4468 323 4529 lena
334 4471 492 4550 acepiaaime
504 4471 687 4535 divellerent.
708 4471 887 4533 Hocautem
900 4490 958 4531 nnn
970 4468 1058 4529 modo
1069 4468 1100 4528 in
1111 4467 1232 4549 singulis
1242 4485 1307 4527 ver·
1387 4520 1392 4529 .

267 4571 323 4651 bia,
337 4594 407 4642 cuna
420 4577 533 4643 cratim
553 4597 640 4661 panea
652 4586 762 4655 cuent,
775 4575 887 4641 factum
902 4584 957 4655 eat,
974 4573 1028 4641 aed
1040 4556 1121 4659 aoe'pe
1134 4572 1223 4639 etiam
1236 4590 1305 4637 eun
