3292 5575
495 662 557 727 DE
589 662 799 727 cotulcls-
824 664 1075 726 VERSIBUS.
1104 703 1108 714 ι
1236 664 1306 723 lxv*

271 854 358 922 supra
369 844 529 916 memorati,
548 863 607 905 non
628 846 820 907 nominantur.
843 847 904 908 Sed
916 865 1012 926 neque
1025 855 1177 905 servarunt
1193 844 1261 914 hoc,
1276 852 1309 901 ut

271 956 337 1005 ante
351 947 499 1019 κατάληξιν
511 968 627 1029 semper
639 959 716 1010 esset
721 952 855 1025 jambus:
875 971 971 1031 neque
985 971 1044 1011 non
1057 970 1111 1031 pro
1124 950 1237 1031 syllaba
1246 949 1309 1008 lon·

272 1070 310 1129 ga
321 1052 494 1115 catalectico
507 1074 585 1133 saepe
598 1054 671 1115 duas
682 1056 785 1116 breves
798 1068 971 1136 posuerunt:
1302 1064 1305 1067 ’

420 1198 536 1273 AEdcpol
545 1198 657 1269 lenones,
670 1218 726 1257 meo
739 1198 948 1273 animnaooori
959 1196 1048 1255 Lusco
1059 1197 1152 1273 lepide.

273 1290 359 1397 Ante!
370 1328 520 1401 κατάληξιν
539 1325 696 1409 τρίβραχυς
709 1339 772 1387 est:

288 1522 293 1529 ¹
393 1458 521 1515 Tacuisse
533 1458 676 1529 mavellem,
691 1458 764 1515 ltoud
775 1458 842 1516 male
854 1457 980 1517 meditate
992 1458 1060 1515 aaa
1074 1456 1186 1514 dicaces.

227 1600 231 1609 '
272 1588 352 1647 Ante
365 1586 514 1658 κατάληξιν
528 1597 573 1645 est
584 1585 750 1665 spondeus:

430 1728 504 1785 Bene
518 1747 567 1805 ego
580 1728 661 1785 istam
671 1726 751 1784 educi
761 1746 823 1784 mec
833 1728 912 1798 dono,
929 1736 956 1786 et
965 1727 1152 1803 pudice.—-
1197 1753 1200 1758 ⁴

430 1830 546 1889 —Si
559 1832 638 1910 lujru
652 1832 768 1889 miseret.
1037 1834 1042 1841 '

272 1976 352 2037 Ante
366 1976 514 2075 κατάληξιν
528 1986 574 2036 eat
587 1976 740 2056 dactylus:

291 2118 441 2194 Nunquam
460 2136 602 2175 meorum
615 2116 680 2194 qaia
699 2116 805 2174 dmm:
829 2118 983 2176 aeneidum
1003 2126 1031 2175 tc
1044 2134 1122 2174 orare
1139 2114 1231 2172 melius
1240 2120 1290 2170 ert.

222 2314 227 2325 .
272 2273 398 2351 iissent,
412 2272 443 2330 in
458 2289 544 2331 unam
556 2271 697 2351 syllabam
711 2283 913 2332 concrescunt.
945 2271 988 2331 Hi
1005 2290 1105 2330 versus
1128 2268 1310 2348 appellantur

270 2362 468 2457 hipponactei,⁸
480 2378 517 2436 ab
529 2386 639 2448 autore,
655 2388 685 2436 et
695 2376 799 2437 Latine
818 2377 992 2459 septenarii:
1014 2376 1175 2446 tamenim,
1191 2374 1312 2434 Priscia-

209 2472 211 2479 ⁴
271 2502 326 2543 nus
339 2483 388 2554 ait,
400 2482 563 2543 Varronem
578 2481 738 2561 scripsisse,
748 2482 810 2541 fieri
821 2484 1026 2564 septenarium,
1039 2503 1106 2550 curn
1116 2483 1155 2543 ad
1166 2480 1313 2565 ‘senarium

268 2587 427 2663 jambicum
447 2584 687 2665 trisyllabuspes
709 2585 840 2659 addetur,
852 2588 910 2648 hoc
924 2587 1029 2647 modo:
1053 2658 1061 2673 .

433 2744 509 2812 Quid
519 2742 713 2803 immerentibus
723 2750 820 2804 noces!
838 2742 903 2820 quid
914 2739 1017 2800 incides
1030 2741 1143 2798 ατηίιίιι

276 2890 358 2952 Talia
368 2900 434 2952 sunt
447 2890 664 2970 Aristophanes
679 2891 710 2950 in
729 2891 820 2960 Pluto,
837 2906 961 2966 quorum
979 2885 1102 2966 primum
1113 2885 1191 2944 hoc:

420 3027 460 3090 Ὦ
468 3035 563 3090 πολλὰ
576 3031 608 3102 δι)
623 3035 661 3110 τῷ
675 3030 793 3114 δεσπότῃ
806 3031 908 3090 ταυτὸν
921 3028 1011 3109 Stpor
1024 3031 1172 3107 φαγόντες.

275 3174 470 3236 Trochaicum
484 3194 602 3235 carmen
616 3184 661 3234 est
678 3173 839 3252 iambicum
852 3182 1069 3232 commutatum.
1083 3169 1218 3230 trocheus
1232 3187 1312 3227 avo·

272 3278 416 3339 lubilitate
430 3291 460 3339 et
474 3279 585 3339 ratione
599 3297 705 3337 nomen
714 3277 812 3348 habet,
825 3278 985 3337 contrarius
995 3277 1164 3358 pesJambo,
1176 3283 1311 3335 constans

273 3385 362 3462 longa
375 3394 405 3442 et
414 3383 505 3454 brevi,
521 3383 615 3454 scr-ile,
630 3401 715 3454 ιιιιιια,
729 3383 819 3440 cerba.
854 3383 925 3443 Hoc
946 3384 1076 3460 jambam
1097 3401 1156 3439 non
1175 3379 1310 3449 admittit,

274 3489 517 3568 quemadmodum
531 3507 626 3566 neque
639 3487 668 3545 in
676 3488 832 3563 jambicum
844 3489 980 3546 trocheus
990 3484 1159 3566 ingreditur.
1187 3485 1250 3544 Etsi
1265 3505 1310 3543 re·

274 3595 383 3675 peritur
405 3583 492 3654 eliani
510 3593 539 3650 in
553 3591 664 3652 Graecis
686 3593 833 3678 τροχαῖκὸν
857 3592 1038 3673 τετράμετρον
1060 3591 1266 3661 carminata,
1279 3589 1311 3646 in

275 3705 356 3775 cujus
368 3709 470 3778 quarto
484 3698 551 3756 loco
561 3695 675 3776 ponitur
683 3698 808 3772 jambus,
822 3708 855 3757 ut
869 3697 900 3756 in
914 3699 1047 3756 Nelulir:

305 3801 344 3861 Ὦ
361 3801 494 3882 Scriptum
515 3805 615 3881 κατερῷ
631 3803 701 3879 πρός
715 3801 743 3876 γ’
757 3802 830 3881 ὑμᾶς
841 3801 999 3878 ἐλευθέρως.
1033 3800 1128 3879 ldque
1142 3799 1311 3859 εὒπολὶδιιον

196 3973 204 3988 ,
276 3911 435 3968 dedororor
446 3916 595 3966 vocarunt.
658 3949 662 3958 .

314 4011 373 4071 Sed
386 4010 477 4069 multo
489 4014 598 4090 majore
608 4007 726 4068 licentia
738 4008 840 4068 Latini
849 4011 893 4070 usi
905 4011 1032 4083 fuerunt,
1049 4024 1080 4071 et
1096 4008 1213 4090 passim,
1225 4020 1257 4068 ut
1269 4009 1311 4068 vi·
1352 4065 1357 4074 ,

269 4115 366 4187 detur,
380 4115 563 4173 inseruerunt
577 4111 701 4190 jambos.
735 4112 854 4172 Doceat
875 4126 971 4175 autem
986 4116 1028 4176 ita
1039 4115 1102 4175 lieri
1113 4117 1170 4174 hoc
1183 4133 1309 4186 carmen,

272 4221 347 4282 sind
368 4219 510 4280 senarium
525 4217 684 4294 Jambicum
698 4216 839 4280 addamus
852 4220 988 4290 creticon,
1007 4219 1057 4299 qui
1080 4221 1266 4300 dppipaapoc,
1278 4218 1311 4278 id

273 4337 326 4401 est,
339 4326 452 4406 syllaba
463 4325 552 4402 longa
564 4323 659 4382 brevis
672 4322 777 4401 longa:
794 4335 827 4382 ut
840 4325 956 4404 ourffcc,
969 4325 1026 4384 hoc
1040 4324 1138 4398 modo,

616 4529 618 4531 .
827 4481 881 4539 Dii
895 4481 966 4552 doni,

436 4590 510 4651 Boni
521 4589 588 4668 quid
595 4599 687 4667 porto,
698 4585 747 4647 scd
756 4585 801 4646 udi
813 4585 946 4646 inveniar
959 4583 1152 4664 Pmptiumt
