3292 5575
370 735 442 812 xxiv
537 750 603 814 DE
635 753 823 818 Matius
854 695 1205 818 TERENi'IANIS.

453 952 457 962 ·
501 933 596 982 Dicitur
607 934 685 984 Afrani
693 937 890 998 topsconvenisse
901 937 1030 986 Menandro
1040 931 1047 984 ‚⁴

503 1014 599 1063 Plenius
610 1017 641 1063 sd
650 1015 782 1078 exemplum
794 1015 867 1064 Siculi
875 1034 998 1083 properare
1006 1017 1145 1080 epicharmi:

501 1096 602 1144 Vincas-c
612 1096 722 1146 ceciliae
732 1097 855 1160 gravitate,
872 1099 1029 1148 Tnnnnnins
1042 1115 1121 1176 nnus.
1231 1153 1234 1158 ,

372 1241 433 1303 Ubi
460 1240 580 1301 dubium
607 1252 662 1314 est,
691 1233 823 1302 artennne
858 1243 1010 1305 metricam
1031 1243 1113 1316 velit,
1143 1263 1181 1303 an
1209 1245 1359 1307 comicum.

373 1335 536 1416 Utramque
558 1339 678 1418 opinor3
697 1359 767 1400 nsm
788 1339 821 1398 in
833 1350 956 1419 utraque
970 1341 1058 1402 huda
1082 1351 1195 1412 noster,
1217 1352 1276 1402 tam
1296 1363 1361 1403 ver·

370 1455 455 1497 cuiun
479 1435 690 1511 concinnitatis,
712 1456 801 1518 quam
825 1438 931 1500 lucidos
955 1457 1053 1500 rerum
1077 1438 1283 1520 dispositionis,
1306 1440 1362 1521 pri·

370 1534 574 1593 mastenebat.
1243 1537 1246 1546 ·

410 1631 490 1691 Illud
510 1648 581 1690 sanc
606 1629 636 1688 in
658 1629 759 1709 lingua
777 1630 885 1693 Latina
908 1633 1047 1706 notabile,
1067 1653 1105 1694 nc
1129 1653 1220 1692 unum
1241 1631 1362 1712 quidem

369 1730 491 1789 verbum
521 1736 630 1806 praeter
667 1729 871 1808 monosyllaba
898 1741 1000 1792 tonum
1027 1730 1058 1790 in
1085 1729 1188 1790 ultima
1213 1728 1360 1790 habuisse.

370 1826 464 1886 Dium
484 1823 585 1904 igitur,
607 1825 705 1905 cirum,
736 1826 833 1897 misen,
863 1825 941 1886 taum
962 1827 1059 1908 priore
1088 1827 1159 1888 licet
1185 1826 1269 1887 brevi
1291 1846 1360 1907 pro·

366 1923 554 1993 nunciabant,
586 1937 736 2002 nunquam
761 1922 817 1982 nisi
850 1922 987 1984 inversu
1015 1923 1103 1998 delen
1132 1923 1231 1996 uinum,
1261 1921 1360 1996 meum,

367 2022 456 2082 tuin
497 2020 722 2093 Quinctilianus,
743 2021 840 2082 instit.
861 2021 888 2092 1,
904 2025 934 2082 5.
976 2021 1029 2080 Est
1052 2029 1141 2080 nutem
1164 2019 1283 2080 inomni
1296 2039 1361 2080 acce

366 2121 462 2198 atique
484 2128 567 2178 acuta
584 2120 697 2195 mlada,
717 2140 764 2179 nec
786 2122 881 2179 ultima
902 2137 1036 2195 unquam:
1056 2119 1166 2196 ideoque
1178 2117 1207 2176 ia
1225 2117 1360 2193 &syllabis
1407 2159 1410 2164 ·

361 2216 452 2294 prior.
491 2214 668 2288 Priscianus,
691 2235 722 2294 p.
742 2219 830 2280 1287.
870 2215 977 2274 Acutas
1001 2221 1127 2272 accmtus
1148 2214 1222 2292 apud
1243 2211 1359 2274 Latinos

366 2314 419 2371 duo
443 2313 501 2372 loca
524 2312 612 2382 labet,
630 2312 810 2386 penultinam
828 2321 855 2370 ct
878 2311 1127 2388 antepenultimam:
1151 2311 1224 2387 apud
1247 2310 1358 2370 Gracci

366 2417 457 2469 uatem
469 2416 498 2466 et
516 2409 648 2466 ultimam.
690 2407 730 2466 Et
742 2406 829 2486 paulo
843 2417 923 2488 post3
944 2407 1017 2484 opud
1028 2405 1145 2467 Latinae
1157 2408 1186 2466 in
1199 2409 1294 2468 ultima
1306 2409 1360 2486 cyl-

365 2507 437 2578 icia,
457 2505 512 2564 ttici
527 2502 696 2564 discretionis
708 2523 801 2576 cauea,
812 2506 879 2582 poni
892 2525 944 2564 non
957 2504 1023 2562 solet
1037 2513 1172 2563 accentus.
1211 2503 1357 2578 Donatus,

364 2622 396 2683 p.
411 2605 499 2666 ttto.
542 2601 635 2660 Tonas
648 2611 754 2674 acutus,
773 2602 870 2661 cumin
882 2599 989 2660 Grauis
1003 2599 1164 2659 dictionibus
1177 2602 1233 2660 trio
1247 2603 1305 2660 Ιοοα
1318 2612 1359 2660 te-

363 2707 436 2772 neat,
450 2698 582 2770 ultimam,
593 2698 768 2775 penultimam
781 2707 808 2757 et
822 2697 1076 2776 antepenultimam
1098 2704 1170 2756 tenet
1193 2699 1267 2775 αρσια
1278 2697 1358 2756 Lati·

363 2816 412 2855 noe
430 2797 605 2873 pemtltimam
618 2806 646 2856 et
659 2797 910 2872 antepenultimam
933 2794 1054 2854 ultiman
1073 2814 1217 2872 nunquam.
1258 2794 1359 2855 Maxi·

361 2910 427 2952 mus
436 2891 615 2963 Victorinus,
636 2912 666 2971 p.
682 2894 772 2953 1942.
812 2892 929 2965 Acatus,
944 2912 1003 2950 cam
1017 2892 1090 2968 opud
1100 2890 1211 2953 Grecos
1224 2894 1282 2950 teia
1300 2894 1360 2951 loce

363 2997 463 3060 teneat,
484 2989 559 3064 aptsd
575 3006 624 3047 noe
640 2988 741 3046 ἀυοόυυ
755 2996 861 3046 tontum
877 2989 941 3065 poni
954 2996 1063 3065 potect;
1088 2988 1181 3047 autin
1197 2989 1357 3067 penultima,

361 3092 395 3141 at
414 3081 595 3164 praelegistis,
620 3091 671 3141 aut
692 3104 725 3142 ea
745 3103 835 3161 paco
845 3084 908 3159 fine
928 3094 968 3143 est
991 3084 1084 3156 tertio,
1108 3093 1140 3143 at
1161 3084 1357 3166 praelegimus.

362 3178 590 3259 Olympiodorus
603 3178 634 3239 in
647 3179 815 3240 Aristotelis
827 3180 974 3253 Metcors,
983 3201 1014 3260 p.
1028 3184 1079 3242 29.
1117 3180 1190 3242 Τότε
1203 3184 1257 3263 μὲν
1270 3181 1357 3262 Γραι-

361 3277 404 3335 eol
416 3274 589 3349 ἐκλήθησαν,
612 3287 664 3337 νῦν
675 3276 705 3335 δὲ
721 3272 874 3350 ιἝλληνες.
894 3288 975 3337 τοῦτο
991 3274 1022 3335 δὲ
1038 3278 1069 3337 τὸ
1083 3276 1174 3357 ὄνομα
1184 3278 1210 3338 ol
1225 3282 1280 3359 μὲν
1297 3282 1356 3341 Ρω·

360 3380 440 3453 μαῖαι
454 3377 645 3451 παροξύνουσι,
658 3372 774 3453 Γραῖκοι
784 3376 927 3449 λέγοντες.
941 3372 999 3443 ἡδὲ
1012 3376 1089 3445 κοινὴ
1105 3372 1247 3443 διάλεκτος
1259 3378 1357 3449 uttan.

360 3466 501 3529 Καθόλου
521 3469 552 3529 δὲ
572 3470 599 3529 oi
619 3468 751 3550 Papnioc·
766 3478 826 3530 adv
840 3470 932 3548 ὄνομα
952 3474 1137 3549 παροξύνουσι
1158 3470 1203 3531 διὰ
1220 3473 1271 3532 τὸν
1291 3478 1356 3553 κόμ·

360 3591 425 3626 πον.
446 3564 774 3647 δθενῪπερηνορέονσες
793 3564 956 3638 ἐκλήθησαν
975 3566 1028 3626 ὑπὸ
1047 3566 1241 3641 σῶν“ποιητῶν.
1283 3568 1355 3631 Hoc

358 3673 411 3735 est,
432 3663 480 3741 pai
502 3663 564 3723 olm
576 3662 689 3741 I'pomot
702 3664 778 3735 dion,
800 3684 870 3723 nunc
892 3666 1062 3741 appellantur
1079 3664 1232 3736 Ἕλληνες.
1273 3666 1355 3726 Illinc

357 3769 447 3821 aenan
465 3761 541 3820 cerii
553 3761 730 3837 penultinam
750 3757 870 3819 Romani
888 3769 997 3833 acuunt,
1015 3760 1132 3820 neenec
1153 3758 1285 3839 Γραῖκοις
1306 3764 1356 3821 sed

355 3857 500 3917 cumanis
516 3876 603 3917 temno
622 3858 698 3916 aean
718 3856 841 3915 altimmn
853 3854 976 3934 Γραικοί.
1017 3856 1058 3915 Et
1075 3858 1221 3916 universim
1235 3858 1354 3918 Romani

354 3957 385 4014 in
396 3975 552 4035 quacunque
575 3952 824 4031 antepenultimam
837 3956 881 4012 cel
898 3954 1130 4030 antepenultimam
1145 3964 1254 4027 acaum,
1270 3976 1353 4033 prop-

355 4060 398 4110 ter
408 4050 522 4128 foetam
535 4059 563 4109 et
573 4051 853 4130 grandiloqaentiom:
875 4052 943 4109 unde
956 4070 974 4109 α
983 4052 1073 4128 poetis
1086 4052 1213 4110 ὤουαίυσ
1233 4052 1352 4129 ’Υπερη-
1397 4055 1413 4065 ’“

354 4154 507 4224 νορόοντες,
518 4147 633 4224 feroces
645 4156 673 4206 et
690 4148 807 4224 superbi.
850 4147 997 4207 Caetcrum
1018 4148 1097 4225 quod
1120 4147 1168 4206 hic
1188 4147 1276 4207 fastui
1299 4148 1350 4208 tn'-

353 4242 426 4319 buit,
446 4243 478 4303 id
496 4244 624 4304 dinlecto
638 4241 773 4315 AEolicoe,
794 4244 874 4303 unde
895 4243 996 4323 lingua
1008 4244 1115 4304 Latina
1127 4255 1242 4325 partem
1255 4244 1349 4305 maxi·

353 4340 584 4419 mampeofluxit,
598 4341 709 4402 rectius
721 4340 893 4420 imputatur.
934 4341 1089 4401 AEolenses
1102 4340 1188 4413 enim,
1202 4352 1235 4400 ut
1247 4352 1348 4401 notum

354 4446 409 4506 ast,
433 4434 585 4515 Βορύσονοι
607 4446 704 4507 erant,
733 4448 765 4497 et
782 4436 865 4510 Θέας,
896 4438 990 4519 “Antip
1014 4438 1255 4520 pronunciabant,
1280 4458 1360 4499 cum.

352 4531 401 4591 aiii
417 4530 498 4604 Θιός,
512 4534 603 4611 Ανὴρ.
1259 4527 1263 4535 ’

390 4630 459 4690 Jsm
472 4648 541 4688 vero
559 4629 589 4689 id
602 4629 714 4691 Latinis
728 4630 855 4703 comicis,
871 4632 920 4712 qui
940 4632 1051 4693 tabulas
1077 4648 1146 4694 suas
1160 4630 1268 4714 populo
1282 4632 1344 4713 pla-
