3292 5575
473 787 536 850 DE
564 785 760 848 METRIS
787 769 1144 844 TERENTIANis.
1235 779 1302 842 xxiii

311 981 405 1032 scunt.
446 969 546 1030 Locus
559 967 789 1047 elegantissimus
803 975 857 1038 est,
873 963 1052 1037 Trinummo,
1067 965 1085 1024 i.
1095 964 1164 1047 bin
1178 965 1302 1036 urbanos,

313 1088 385 1148 quos
398 1077 487 1128 vocat
502 1071 621 1137 scurror,

441 1228 490 1289 Qui
499 1226 575 1275 onnia
585 1241 611 1274 re
624 1226 732 1274 sinunt
745 1225 815 1281 sciro,
831 1239 874 1272 nec
885 1223 1007 1288 quioqulam
1022 1223 1113 1272 sciunt:

440 1309 511 1366 Quod
521 1306 619 1369 quiaque
629 1307 655 1354 in
665 1305 743 1354 animo
753 1305 823 1354 uther
834 1313 874 1354 aut
885 1305 1023 1362 habitarint,
1040 1305 1128 1354 sciunt:

442 1387 533 1445 Seium,
547 1387 610 1450 qaod
619 1387 643 1434 in
650 1401 730 1435 sumn
740 1386 783 1435 rea
793 1387 880 1450 regina
891 1387 991 1435 dixerit:

444 1467 533 1525 sutae
542 1470 605 1530 quod
615 1469 677 1518 Juoo
682 1467 808 1516 {tabulam
818 1466 872 1516 esim
879 1467 954 1516 Jove:

442 1550 503 1608 Qum
513 1565 587 1612 nequa
597 1549 623 1598 {a
635 1547 641 1615 Ι
655 1559 710 1598 tara
719 1564 788 1612 noque
800 1548 805 1614 Ι
812 1547 882 1614 sucta
893 1558 946 1597 tunt
960 1547 965 1615 Ι
980 1557 1056 1598 temen
1067 1549 1100 1596 illi
1111 1547 1193 1596 sciunt.

316 1699 400 1756 Duos
412 1695 473 1756 illic
487 1695 612 1757 creticos
637 1705 800 1773 agnoscunt
821 1704 851 1753 et
867 1693 1023 1774 accipiunt,
1046 1695 1227 1774 dactylorum
1252 1694 1307 1752 sci-

316 1795 387 1853 licet
399 1792 540 1852 vicarios:
560 1811 656 1870 neque
669 1791 728 1851 boc
748 1792 889 1864 contenti,
910 1795 1048 1850 innumero
1061 1790 1227 1870 hujusmodi
1242 1811 1309 1871 por·

317 1901 400 1950 tenta
410 1891 516 1949 Plauto
525 1909 579 1949 suo
595 1888 754 1968 assignant,
763 1909 853 1964 pomo
867 1887 953 1948 etiam
968 1888 1119 1948 Terentio.
1162 1888 1225 1948 Nos
1238 1909 1309 1969 pau·

319 2009 357 2048 ca
365 1989 414 2047 illa
422 1993 486 2064 jam
499 1986 690 2066 ejuravimus3
711 1985 749 2045 de
763 1985 922 2045 innumeris
936 1985 1005 2045 olim
1015 1985 1139 2046 fortasse
1151 1986 1308 2048 curabitur.

319 2087 446 2160 Interea,
466 2084 537 2166 quid
550 2082 599 2144 bic
617 2082 714 2142 Plauti
727 2083 809 2142 locus
822 2082 877 2142 sibi
891 2082 1027 2162 postulet,
1048 2082 1210 2156 videamus;

451 2271 510 2329 Qua
520 2270 595 2332 neque
608 2269 687 2318 lutura
697 2283 738 2317 nec
739 2267 809 2334 sacta
819 2279 881 2326 eunt,
897 2277 973 2317 tamen
984 2269 1020 2318 illl
1035 2267 1118 2320 sciunt.

322 2417 383 2478 Hic
406 2417 474 2476 duoe
494 2416 592 2494 longe
611 2413 817 2494 corripiuntur;
838 2413 896 2474 duo
916 2415 1017 2474 cretici
1041 2416 1171 2490 seruiunt,
1192 2439 1250 2499 quo
1273 2440 1312 2480 ne

322 2513 445 2595 dactylis
459 2513 587 2593 quidem,
608 2511 631 2570 si
644 2529 746 2571 aurem
758 2511 911 2584 habemus,
932 2511 1031 2572 venire
1050 2511 1095 2572 ias
1111 2524 1163 2576 est.
1205 2515 1312 2576 Hosne

322 2630 444 2670 numeror
458 2618 489 2668 ut
506 2607 679 2667 laudaverint
700 2606 839 2666 Pisonum
862 2607 980 2687 proavi?
1001 2609 1065 2688 quis
1087 2611 1238 2672 comoedus
1261 2634 1312 2676 ac-

323 2719 380 2777 tor,
401 2725 439 2764 ne
461 2705 524 2784 ipae
544 2703 662 2783 quidem
686 2701 788 2776 Pellio,
809 2704 856 2763 uel
878 2705 972 2784 pretio
986 2706 1111 2766 voluerit
1135 2728 1247 2780 emere;
1268 2715 1314 2772 vel

324 2804 469 2863 blaterare
486 2804 552 2861 haec
566 2802 605 2862 ad
618 2801 718 2861 tibiam
730 2801 761 2861 in
774 2822 866 2863 scena
878 2822 966 2863 ausus
979 2802 1085 2863 fueriti
1105 2824 1163 2864 non
1178 2828 1245 2867 suas
1261 2829 1313 2888 po·

325 2900 383 2959 tius
407 2898 462 2959 sibi
484 2917 531 2958 rea
551 2910 668 2978 poetam
692 2898 779 2958 telem
804 2900 913 2961 habere
932 2900 1065 2975 jusserit?
1107 2902 1140 2961 Si
1161 2905 1315 2969 licentiorii

326 2995 418 3055 nostri
442 2996 481 3055 de
500 2994 705 3055 emendatione
724 2996 931 3075 desperarunt3
951 2996 1104 3057 humanius
1128 3009 1226 3062 tamen
1241 3016 1315 3077 erat,

326 3094 365 3153 de
378 3091 485 3151 mendo
498 3090 595 3171 potius
609 3090 753 3163 confiteri,
775 3112 863 3170 quam
882 3103 1001 3173 poetam
1014 3093 1109 3173 ipsum
1123 3098 1315 3174 proscribere.

327 3188 404 3249 Vide
417 3199 527 3259 tamen,
547 3207 637 3267 quam
655 3186 748 3273 facilis
761 3207 798 3247 ea
810 3208 849 3248 ne
859 3189 1057 3268 quaerentibus
1069 3192 1186 3271 quidem
1200 3214 1233 3255 so
1247 3194 1317 3258 offe·

327 3295 383 3345 rat.
434 3284 521 3344 Tolle
544 3284 619 3343 illud
629 3283 737 3364 sactae
766 3296 797 3344 et
824 3284 996 3359 trimetrum,
1020 3288 1122 3366 quales
1146 3290 1195 3353 hic
1217 3295 1317 3357 ceteri

328 3392 406 3453 sunt,
428 3379 663 3441 rotundissimum
674 3380 766 3441 habes
777 3403 786 3441 ι

458 3544 518 3602 Quo
526 3543 601 3605 nequa
611 3544 695 3601 nnn,
710 3543 785 3605 neque
793 3550 855 3600 aunt,
872 3552 947 3595 temen
956 3544 993 3595 illl
1004 3548 1086 3598 sciunt.

330 3688 409 3755 Quin
422 3698 453 3748 ct
462 3688 521 3748 boc
533 3687 715 3768 scmmipse,
737 3708 796 3748 non
810 3700 935 3749 metrum
950 3692 1056 3767 solum,
1078 3694 1230 3775 efflagitat:
1251 3720 1318 3761 nam

330 3804 389 3863 quc
401 3784 517 3865 saturo,
539 3793 571 3843 et
594 3804 652 3862 quc
677 3795 751 3857 sunt,
771 3785 802 3844 in
824 3787 930 3847 codem
954 3808 1063 3867 genere
1083 3804 1150 3851 sunt
1172 3797 1318 3874 opposita:

330 3901 391 3941 non
403 3882 511 3960 sutoro
533 3892 564 3939 et
574 3880 670 3961 sacto.
713 3881 744 3941 si
758 3881 830 3942 illud
844 3884 932 3964 facto
952 3896 1016 3945 sunt
1033 3900 1152 3967 apoeta
1164 3903 1256 3962 essct3
1276 3894 1319 3953 di·

330 3976 545 4055 insecutique,
564 3998 631 4057 quse
641 3998 738 4057 neque
746 3980 822 4054 fient
836 3982 1024 4061 nequefocto
1040 3995 1120 4055 sunt;
1140 3996 1227 4066 atque
1241 3988 1319 4050 insu·

329 4094 383 4154 per
398 4074 437 4134 de
450 4073 565 4134 duobus
582 4074 714 4154 peccatis
728 4095 817 4135 unum
833 4076 962 4140 lucratus
974 4093 1059 4141 esset.

676 4262 745 4329 Ars
758 4264 972 4333 Terentiana.

371 4398 477 4459 Restat
495 4401 567 4479 jam,
588 4410 621 4460 ut
643 4401 682 4461 de
695 4412 758 4461 arte
783 4403 970 4475 Terentiana,
991 4424 1058 4483 qum
1076 4416 1230 4487 tantopere
1253 4409 1320 4471 olim

331 4496 481 4559 celebrata
492 4508 547 4570 cst,
567 4517 663 4577 pauca
676 4496 848 4559 delibemus.
891 4498 1044 4573 Homtius,
1057 4502 1149 4582 Epist.
1164 4504 1206 4578 11,
1225 4516 1250 4567 1.

371 4691 374 4700 ι
458 4658 592 4721 Ambigitur
607 4659 712 4721 quotiem
723 4667 776 4708 oter
785 4667 838 4708 atro
849 4660 880 4709 sit
893 4662 965 4723 prior,
978 4638 1055 4713 ¹auricrt

461 4740 580 4789 Pacarius
587 4741 653 4789 docti
662 4742 743 4789 famem
751 4742 821 4800 senis,
838 4743 923 4790 Accius
933 4742 988 4790 alti:
