3292 5575
436 701 500 766 ΒΕ
520 700 724 769 consscrs
744 706 1163 775 DIMENSIONlBUS.
1235 708 1305 772 xlv·

265 886 315 960 ltu
323 882 438 963 (sulpur
451 886 482 945 'm
498 886 588 945 alium
608 887 764 948 transferre
778 906 916 968 nequeas.
955 888 1031 953 Nam
1044 890 1165 949 verbum
1176 889 1307 949 substau-

268 988 369 1060 tivurn,
392 988 553 1069 affirmat,
568 990 748 1071 trisyllabum
769 991 916 1071 professus
936 1002 982 1051 est
1002 1012 1038 1053 eo
1059 1012 1164 1054 versu:
1195 1014 1255 1053 cum
1276 995 1306 1052 ia

265 1094 401 1169 primda
423 1096 526 1171 aliquot
548 1096 692 1175 adfuerunt
716 1098 812 1155 libere.
852 1098 910 1163 Qui
930 1108 1029 1157 tamen
1056 1117 1156 1158 versus
1175 1099 1304 1159 amarius

260 1199 394 1273 iambum
406 1198 497 1259 habet
509 1200 539 1259 in
552 1212 671 1279 quarta:
693 1200 831 1261 ferendus
852 1212 950 1261 tamen
964 1214 1027 1262 erat
1040 1203 1124 1281 quasi
1138 1204 1245 1282 lapsus,
1258 1202 1304 1261 ui·

212 1286 216 1293 ⁵
263 1302 292 1361 si
309 1304 405 1363 altero
427 1324 525 1365 errore
544 1306 657 1384 culpam
677 1308 862 1379 cumulasset,
875 1326 942 1367 cum
957 1308 1079 1387 primam
1102 1308 1207 1368 auferri
1217 1308 1304 1385 jubet

264 1408 408 1487 syllabam
421 1429 461 1469 ex
476 1428 511 1469 eo
521 1430 618 1481 versu,
632 1412 803 1490 cuflrgistint
822 1411 1002 1489 muscetum
1015 1410 1097 1471 sctin‘
1121 1414 1153 1470 id
1172 1412 1223 1471 tili
1234 1453 1236 1459 -
1243 1414 1303 1488 pla·

264 1522 333 1572 cett
351 1514 471 1593 integer
483 1514 559 1575 euim
571 1514 700 1576 senarius
715 1526 769 1587 est,
780 1515 869 1576 etiam
883 1516 958 1577 citra
966 1515 1151 1588 ablationem,
1165 1514 1301 1596 spondeis

263 1618 391 1692 duobus,
416 1608 574 1701 anapesto,
597 1622 712 1682 duabus
733 1622 867 1702 dactylis,
889 1632 921 1681 et
939 1630 1087 1700 postremo
1105 1620 1215 1699 jamho.
1256 1619 1302 1678 Ibi

263 1734 377 1785 temera
388 1725 526 1785 transfert
539 1725 680 1805 syllabam
701 1724 844 1785 inferioris
862 1725 892 1783 iu
913 1725 1113 1804 superioremr
1135 1736 1237 1785 centn
1249 1723 1300 1783 de·

265 1828 330 1888 buit
339 1829 494 1890 mamistra
511 1830 542 1889 in
555 1830 685 1912 Hecyra,
702 1850 799 1910 neque
812 1830 982 1891 trmstulitz
1004 1850 1063 1908 quc
1081 1830 1141 1889 disc
1156 1832 1301 1908 percipeu-

260 1934 377 2007 Μ
385 1952 469 2010 porro
479 1936 527 1993 luc
530 1934 660 2012 jurgium
669 1936 707 1993 ud
718 1934 845 2008 Uxorem,
853 1936 907 1995 lec
916 1936 1074 2015 cujusfiuat
1086 1935 1300 2005 chalocheio,

261 2020 340 2097 sicut
362 2037 595 2119 interjectionem
616 2057 732 2120 quoque
756 2040 857 2099 debuit
876 2039 1019 2099 ascribere
1041 2037 1131 2119 priori
1152 2037 1248 2098 versui
1270 2036 1301 2095 in

265 2142 418 2223 Adelphis,
432 2159 467 2203 ut
480 2144 521 2203 sic
534 2144 702 2223 legereturr
724 2144 793 2221 Syre
806 2153 1001 2221 praceptorum
1015 2145 1110 2221 plenus
1121 2145 1234 2203 istum
1247 2144 1300 2202 ille.

260 2252 324 2327 ply,
339 2248 424 2309 Domi
437 2250 530 2309 debuit
545 2252 613 2309 rende
630 2250 798 2324 disceretfit
817 2251 918 2310 sedulo.
958 2248 1143 2309 Restituisset
1160 2248 1248 2308 etiarn
1268 2248 1299 2306 in

264 2354 394 2436 Hecyra
407 2372 493 2415 versu
513 2356 645 2426 verbum,
666 2364 701 2413 ut
720 2355 758 2415 sit
780 2354 971 2435 septenarius,
995 2369 1031 2414 tc
1054 2366 1107 2434 par
1126 2349 1233 2433 palari:
1255 2351 1298 2412 sic

263 2470 348 2520 tecm
357 2462 501 2541 serantur,
515 2462 573 2521 sliri
586 2464 626 2521 itu
639 2471 671 2520 st
680 2461 880 2542 jubesfscs'cm
893 2469 983 2537 peter.
1024 2460 1093 2520 Nou
1108 2459 1196 2518 debet
1209 2456 1298 2518 errati

263 2564 373 2625 med
382 2564 460 2638 locu,
481 2565 554 2625 illud
566 2564 597 2625 in
608 2566 718 2627 Andria
732 2584 768 2627 ao
783 2582 870 2626 versu
882 2586 889 2624 :
910 2574 942 2623 tu
953 2584 1009 2622 rem
1020 2564 1182 2639 impeditam,
1196 2572 1295 2638 otper-

262 2670 347 2728 ditcm
366 2671 512 2729 aalma?
540 2672 597 2729 tan
610 2690 664 2749 quc
675 2670 771 2751 fretus
788 2672 847 2729 sira
888 2670 924 2726 lu
946 2686 1005 2747 quo
1029 2667 1108 2737 dicit,
1130 2668 1188 2724 tem
1206 2674 1293 2724 extra
1383 2744 1390 2759 .

261 2791 375 2834 versum
398 2776 435 2834 ab
455 2774 513 2835 alic
534 2773 664 2835 additum
684 2772 798 2854 potius:
820 2791 907 2853 quam
925 2774 1049 2853 positum
1071 2781 1209 2851 aportat
1229 2786 1296 2830 eunt

261 2887 357 2938 tamen
380 2879 481 2938 mutila
500 2877 538 2938 sit
559 2879 622 2938 sine
643 2895 679 2938 eu
702 2877 864 2938 sententia:
885 2888 916 2936 et
942 2877 1056 2942 sibilum
1078 2875 1148 2936 elidi
1167 2873 1298 2934 videmus

261 2983 348 3044 etiarn
357 2983 388 3042 iu
399 2984 500 3042 multis
513 2983 593 3044 locis.
635 2984 683 3043 Sic
704 2984 846 3044 audacter
868 2981 951 3041 nimis
964 2980 1060 3041 aufert
1075 2981 1206 3052 verbum,
1220 2979 1297 3055 capio

262 3107 300 3148 ex
312 3088 362 3148 illc
373 3088 527 3148 Eunuchi:
549 3089 627 3164 cupio
636 3089 742 3165 aliquus
753 3107 853 3164 parare
861 3087 963 3145 murcos
976 3087 1100 3159 benficia
1109 3105 1178 3144 meo.
1218 3084 1296 3144 Cum

259 3203 356 3254 tamen
369 3193 696 3254 commodiuseximeret
708 3209 812 3250 vocem
826 3199 1005 3268 sequemm,
1013 3190 1075 3250 sine
1087 3189 1148 3248 ullo
1161 3185 1296 3248 carminis

261 3298 443 3370 detfimentc,
457 3299 545 3358 etiam
559 3297 704 3358 sententia
716 3294 893 3355 rotrmdicre.
935 3293 996 3353 Sed
1010 3303 1061 3353 aut
1080 3291 1117 3352 sit
1129 3289 1298 3371 proceleus-

259 3402 378 3463 maticus
390 3404 498 3482 primus
518 3421 582 3481 pas,
595 3413 627 3462 et
639 3401 713 3460 alter
731 3399 965 3478 amphimacrus:
985 3409 1036 3457 aut
1055 3414 1215 3478 pronomen
1226 3413 1295 3475 pus·
1358 3403 1363 3410 '

260 3506 417 3566 renisum:
437 3505 517 3585 quod
536 3515 682 3585 postremo
706 3505 736 3563 in
753 3505 822 3563 loco
834 3515 889 3573 est,
902 3502 1070 3562 demittatur
1082 3503 1112 3559 in
1125 3519 1239 3561 versum
1252 3499 1295 3559 al·

257 3619 350 3670 terrm
362 3611 596 3690 subsequentem,
607 3610 657 3690 qui
669 3608 853 3669 nihilominus
871 3607 910 3666 sit
926 3607 1076 3667 mumius:
1095 3606 1157 3668 sic:
1176 3624 1245 3664 mes.
1265 3606 1296 3664 id

260 3717 353 3776 undu
363 3717 460 3792 adius
471 3735 522 3786 rae,
537 3735 590 3792 quo
600 3716 631 3772 id
631 3715 692 3789 fiat
694 3713 823 3794 facilius.
864 3711 942 3771 Nam
944 3709 1071 3791 facilius,
1086 3711 1190 3770 ecdem
1203 3709 1295 3768 modo

259 3820 437 3900 nisyllnbunr
455 3831 512 3894 est,
529 3839 588 3898 quc
606 3820 710 3896 potius,
724 3817 914 3898 trisyllabum.
955 3813 1054 3894 Eligat
1075 3824 1172 3874 autern
1189 3811 1294 3880 lector,

259 3924 339 4003 quod
357 3924 450 4003 magis
464 3925 520 3984 erit
531 3945 568 3984 cx
581 3924 667 3984 animi
680 3923 843 3984 sententia:
865 3919 1098 4000 quandoquidem
1112 3918 1200 3978 etiam
1211 3915 1294 3996 apud

258 4026 437 4098 Iumetium,
450 4029 534 4098 uliud,
548 4029 589 4088 ita
606 4027 778 4108 bisyllubum
792 4026 941 4105 accipitur,
954 4035 988 4084 ut
1007 4023 1102 4084 cauda
1123 4021 1235 4100 ‹betyli
1245 4021 1294 4081 sit·

258 4129 384 4210 luitpricr
401 4131 512 4192 fritilli
525 4133 620 4192 versui
634 4153 673 4192 ex
687 4133 809 4212 Hecyra
829 4150 867 4190 ex
881 4149 950 4211 quc,
967 4132 1038 4201 drus,
1058 4126 1230 4208 pauculam
1242 4145 1294 4184 aa·

258 4233 393 4313 pletivern
410 4236 537 4296 exeruit:
557 4236 608 4315 qui
620 4247 718 4296 tamen
732 4255 800 4296 cum
823 4235 1023 4315 sequentibus,
1045 4249 1170 4310 cumque
1182 4247 1293 4310 presse·

259 4339 393 4400 dentibus
413 4341 577 4400 umcnoems
596 4341 656 4418 sit:
677 4361 752 4400 muas
765 4341 828 4400 duat
839 4341 927 4400 sudes.
941 4340 1029 4410 tenso,
1042 4357 1076 4396 ae
1095 4337 1295 4407 atatam

260 4451 339 4520 etque
359 4446 435 4504 elurd
455 4447 569 4506 metica
605 4447 676 4506 Huc
688 4444 729 4505 ibi
743 4463 810 4506 cum
823 4445 935 4518 adimit,
946 4444 989 4503 ita
1004 4441 1074 4503 alibi
1092 4441 1293 4522 nqucimpur-

260 4557 328 4608 tuus
349 4551 433 4610 arlriit
453 4552 491 4612 de
511 4571 582 4612 sacr
606 4563 640 4610 ut
658 4551 779 4613 adeum
797 4544 1295 4639 vemexssmcltutpaepd

301 4669 376 4713 von.
392 4672 430 4714 rr.
827 4659 877 4714 a*
