3292 5575
356 805 418 866 xxii
520 805 585 866 DE
607 803 800 866 METRIS
830 803 1185 886 TERENTIANJS.

394 985 474 1055 Quin
487 997 519 1046 et
532 986 582 1048 ubi
599 986 777 1066 synaloepbaa
790 987 833 1046 vis
847 996 953 1060 cessat,
972 998 1003 1046 et
1016 987 1063 1046 vel
1076 986 1185 1046 vocalia
1199 986 1344 1065 quaepiam

352 1085 400 1143 vel
412 1105 439 1142 m
451 1083 552 1143 finales
572 1103 632 1144 non
646 1083 801 1157 eliduntur,
820 1083 912 1144 altera
925 1085 1016 1144 iocali
1037 1104 1087 1144 eas
1101 1084 1283 1164 excipiente;
1306 1104 1345 1143 ne

352 1183 410 1242 hoc
423 1181 542 1261 quidem
555 1181 584 1241 in
599 1180 721 1241 licentiis
734 1201 840 1260 ponas:
854 1181 951 1262 qualia
964 1181 1021 1242 ista
1034 1192 1065 1241 et
1078 1181 1163 1260 plura
1177 1181 1255 1260 apud
1276 1199 1343 1240 nos·

352 1288 446 1340 turm:
469 1279 617 1356 omnesqui
634 1289 735 1350 mnam,
754 1280 796 1338 mc
820 1289 847 1339 ct
866 1287 955 1350 ctotc,
971 1279 1005 1338 πέ
1028 1279 1074 1336 ubi
1096 1279 1251 1355 occeperim,
1274 1279 1344 1356 quui

353 1384 413 1434 erat
435 1384 552 1448 mortus,
576 1395 631 1434 uno
649 1377 690 1434 irc
705 1374 886 1446 cdm'cmicc,
907 1374 970 1434 dam
983 1376 1014 1433 id
1036 1376 1142 1449 efficias,
1163 1376 1270 1452 quicum
1292 1395 1344 1433 uno

352 1473 411 1532 rem
423 1474 557 1532 latebam.
598 1471 716 1552 Quippe
735 1482 766 1532 et
786 1471 874 1552 epici,
898 1470 1062 1542 Lucretius,
1084 1471 1232 1550 Virgilius,
1248 1471 1345 1529 Hora-
1375 1479 1378 1488 ¹

355 1569 412 1630 tius
432 1570 538 1630 eodem
560 1570 650 1630 modo
676 1569 707 1628 in
720 1568 918 1630 hexametris:
942 1571 990 1628 scd
1009 1568 1072 1627 dam
1093 1571 1168 1627 abest
1188 1570 1260 1648 quod
1282 1587 1344 1626 uve-

353 1685 421 1740 msa,
443 1667 575 1726 credimus
598 1687 634 1726 ca
657 1667 705 1744 qui
728 1675 829 1739 meat,
853 1666 878 1724 ai
896 1665 937 1724 mi
959 1685 1033 1724 omae
1057 1666 1154 1742 inquit,
1183 1674 1260 1725 cocto
1280 1663 1345 1723 adm

354 1763 431 1822 odeat
455 1762 539 1822 honor
562 1763 642 1821 idem.
684 1762 722 1822 ln
734 1762 779 1823 his
792 1772 892 1823 autem
905 1761 1025 1841 aliisque
1043 1761 1181 1823 similibus
1204 1763 1260 1822 tria
1280 1771 1347 1822 sunt

354 1859 555 1929 observands3
576 1878 723 1940 nunquam
744 1860 803 1921 hoc
816 1858 880 1920 fieri
904 1858 959 1918 nisi
971 1857 1002 1917 in
1015 1859 1106 1919 verbo
1126 1858 1348 1938 monosyllabo;

354 1955 433 2038 quod
445 1956 603 2016 verbumsi
621 1956 654 2015 in
674 1956 808 2016 vocalem
822 1955 894 2028 exit,
914 1964 1030 2034 oportet
1050 1955 1191 2034 syllabam
1204 1973 1270 2014 esse
1282 1955 1347 2014 lon-

353 2071 439 2132 gam
454 2052 545 2112 ictum
559 2051 683 2132 denique
696 2054 806 2114 habere
819 2053 850 2112 in
864 2051 956 2132 prima
973 2051 1085 2134 syllaba
1098 2051 1247 2131 anapaesti.
1282 2051 1348 2110 Ha-

352 2168 418 2208 rum
427 2168 498 2209 vero
509 2149 707 2210 conditionum
720 2149 884 2230 ignorantia
896 2158 968 2229 quot
980 2167 1073 2228 nuper
1086 2147 1200 2228 peperit
1214 2147 1348 2208 errores?

353 2247 425 2306 dum
445 2257 477 2308 et
491 2246 522 2306 in
535 2245 724 2328 polysyllabis
737 2247 842 2320 verbis,
861 2258 891 2306 et
913 2245 945 2305 in
964 2245 1083 2328 syllabis
1102 2243 1248 2317 brevibus,
1271 2243 1346 2307 etin

353 2342 449 2404 aliena
462 2344 543 2416 sede,
563 2364 649 2424 posse
663 2345 726 2406 fieri
743 2347 801 2405 hoc
816 2329 1031 2404 existimabant.

394 2441 496 2520 Atque
513 2441 656 2502 hactenus
677 2442 715 2501 de
736 2441 855 2501 licentia
876 2437 1061 2510 Terentiana,
1082 2438 1177 2517 deque
1192 2441 1253 2513 ejus
1273 2435 1347 2495 limi-

353 2534 439 2606 tibus,
453 2535 572 2596 modieis
584 2543 655 2596 sane
674 2535 730 2595 illis
743 2555 841 2615 neque
853 2534 1060 2594 incommodis:
1075 2535 1192 2614 qualem
1213 2532 1301 2593 hodie
1315 2535 1345 2594 in

354 2631 449 2712 poetis
461 2634 637 2693 nostratibus
650 2632 803 2713 patriaque
823 2632 924 2710 lingua
936 2631 1082 2718 patienter
1095 2630 1226 2692 ierimus.
1268 2632 1346 2699 Quin

353 2727 491 2789 atausim
513 2728 644 2811 polliceri
664 2749 845 2811 sponsorque
869 2729 944 2802 fore,
964 2727 1094 2809 quemvis
1116 2728 1346 2800 adolescentem,

351 2826 478 2906 vulgaris
492 2827 581 2887 modo
602 2827 747 2907 prosodiae
761 2838 792 2886 et
806 2827 983 2906 syllabarum
997 2824 1167 2906 quantitatis
1180 2826 1345 2896 callentem,

352 2923 430 2982 lecta
452 2941 512 2981 una
533 2923 684 3007 alteraque
706 2922 839 2982 editionis
862 2935 969 2983 nostrae
982 2931 1089 2995 scena,
1109 2942 1163 2982 suo
1185 2920 1344 2981 Murteae

352 3017 415 3077 aine
428 3017 569 3095 magistro
587 3027 680 3078 totum
692 3020 751 3079 hoc
766 3019 845 3105 quod
864 3020 1003 3107 quaeritur
1023 3029 1238 3100 percepturum.
1279 3022 1346 3085 Quo

353 3114 446 3193 magis
458 3115 574 3194 mirum,
595 3116 739 3195 quosdam
762 3127 872 3176 caetera
885 3116 1074 3187 doctissimos,
1089 3114 1142 3175 sed
1155 3114 1185 3173 in
1197 3115 1243 3175 his
1257 3116 1344 3175 rebus

353 3209 442 3293 paulo
462 3210 707 3292 ὀψιμαθεστὲρους,
722 3224 782 3273 tam
796 3213 953 3274 immodica
965 3214 1121 3279 uerborum
1140 3232 1247 3292 pompa
1268 3232 1300 3272 se
1314 3223 1345 3277 et

354 3328 474 3389 operam
498 3329 579 3369 suem
604 3310 724 3371 efferre:
749 3311 832 3390 quasi
859 3322 948 3371 tantae
973 3310 1057 3370 molis
1080 3320 1158 3369 esset
1181 3310 1344 3369 Romanam

353 3426 433 3467 nunc
446 3406 601 3479 licentiam,
618 3419 735 3487 quantae
749 3408 818 3468 olim
839 3418 902 3469 erat
920 3419 1050 3487 gentem,
1066 3405 1241 3467 condidisse.
1282 3406 1345 3465 Ne·

353 3523 411 3582 que
424 3514 532 3575 mmen,
557 3504 581 3563 si
594 3502 647 3584 ipsi
664 3505 803 3567 audiendi
816 3516 894 3575 sunt,
917 3504 1060 3564 immerito
1073 3504 1253 3583 gloriantur:
1277 3523 1347 3563 cum

353 3619 392 3659 ex
417 3620 517 3659 eorum
537 3602 683 3661 sententia
704 3603 775 3662 nibil
799 3623 858 3662 non
872 3602 1018 3662 veteribus
1040 3600 1158 3661 comicis
1180 3610 1211 3660 et
1231 3599 1345 3660 licuerit

354 3709 386 3757 et
398 3697 533 3757 libuerit:
556 3709 589 3757 ut
602 3708 661 3758 tam
674 3719 757 3778 vagae
770 3698 898 3759 licentias
915 3698 1020 3758 limites
1033 3697 1108 3757 ullos
1122 3697 1262 3777 posuisse,
1277 3716 1344 3776 per·

353 3792 422 3854 inde
441 3793 478 3853 sit
497 3812 532 3853 ac
547 3794 694 3855 Sannatas
716 3807 746 3855 et
766 3794 898 3856 Gelonos
911 3795 988 3855 intra
1008 3814 1126 3874 campos
1140 3814 1208 3854 suos
1223 3813 1346 3854 coercu-

351 3890 420 3951 isse.
454 3890 599 3950 Nimirum
609 3892 639 3950 bi
649 3912 707 3951 non
720 3892 797 3972 ipsos
806 3904 919 3972 poetas,
936 3912 994 3952 non
1009 3903 1101 3952 artem
1113 3903 1143 3951 et
1155 3891 1280 3972 rhythmi
1291 3912 1344 3971 ge·
1410 3894 1412 3899 '

353 3987 442 4059 nium,
462 3987 515 4047 sed
527 3988 657 4048 librarios
680 3988 736 4048 sibi
759 3990 850 4049 duces
874 4000 1007 4059 sumunt;
1026 4000 1056 4048 et
1070 3999 1114 4048 tot
1128 3990 1191 4049 fere
1213 3990 1343 4049 licentia-

354 4104 417 4143 rum
430 4085 544 4164 species
554 4084 609 4144 sibi
618 4084 743 4165 fingunt,
761 4098 833 4166 quot
847 4086 877 4144 in
892 4096 954 4145 toto
969 4085 1076 4146 Plauto
1090 4084 1288 4165 Terentioque
1304 4086 1346 4149 vi·

353 4179 436 4239 tlosae
449 4180 592 4241 lectiones
611 4201 689 4241 nunc
712 4194 839 4253 restant;
858 4182 965 4263 unique
984 4184 1061 4253 loco,
1075 4182 1124 4261 qui
1144 4181 1344 4247 emendandus

354 4284 426 4346 erat,
448 4296 485 4335 ex
497 4277 591 4337 altero
615 4298 699 4359 aeque
712 4282 853 4341 mendoso
868 4279 1059 4360 patrocinium
1080 4288 1223 4358 quaerunt.
1265 4278 1344 4344 Quid

355 4372 457 4432 mirum
471 4373 572 4451 igitur;
593 4376 682 4454 siquo
695 4380 787 4451 major
800 4378 835 4437 iis
853 4388 913 4437 tam
928 4376 1008 4436 salsae
1026 4376 1157 4435 metricae
1177 4376 1280 4435 notitia
1294 4394 1343 4435 ac·

355 4469 455 4540 crevit,
478 4472 557 4530 eoin
578 4471 649 4542 dies,
671 4484 886 4554 utquemntur,
908 4474 999 4553 magis
1020 4471 1183 4533 decreverit
1206 4472 1343 4532 emcnda-

354 4564 465 4625 tionum
489 4586 603 4627 suarum
625 4570 777 4630 numerus?
828 4570 915 4640 Illud,
936 4571 959 4630 si
985 4570 1107 4641 dubitas,
1129 4570 1267 4650 exemplo
1292 4570 1344 4637 sit;

355 4664 404 4723 ubi
440 4663 534 4725 Plauti
564 4666 734 4727 auctoritato
761 4667 849 4749 pedes
878 4666 1000 4729 creticos
1027 4666 1057 4725 in
1085 4665 1220 4727 trimetris
1248 4664 1341 4728 adsci-
