3292 5575
404 697 473 767 ns
501 698 702 770 contere
733 696 1134 777 ernnusroutnus.
1198 714 1297 776 mv·

253 882 375 951 impetit
386 888 455 951 lroc.
466 888 565 958 'Quod
576 889 601 951 si
614 890 810 971 respondeant
831 892 862 952 in
885 910 973 955 censs
990 912 1056 954 esse
1075 892 1239 974 pedestrem
1261 908 1301 955 ec

254 995 412 1074 -vulgerene
423 994 603 1057 cretionem:
629 996 697 1057 hinc
707 997 845 1059 instemus
854 1018 917 1072 nos,
929 1016 990 1059 non
997 998 1085 1059 oeldo
1093 999 1302 1059 meritemesse

255 1100 337 1161 illius
347 1100 498 1173 siliteterm
512 1111 545 1161 ut
557 1112 617 1161 tem
633 1102 777 1163 eccuretis
789 1104 911 1165 astricte
919 1103 1047 1163 numeris
1056 1104 1194 1163 creticum
1208 1120 1305 1183 esper-

259 1216 386 1267 arcem
400 1206 505 1284 lteque
517 1206 637 1266 verbum
645 1207 855 1269 substuntiwm
866 1207 1021 1289 eliquendo
1029 1208 1109 1269 miris
1118 1219 1231 1268 torsere
1240 1226 1304 1268 mo·

260 1306 525 1371 dissutinMilite
539 1304 1149 1392 Plautusrceesee’cereedtoeseepercsm,
1169 1315 1304 1373 amisere

233 1486 238 1497 Ι
256 1416 376 1475 sivest
397 1416 489 1476 Dices
506 1436 616 1477 erotem
632 1418 683 1475 tili
697 1436 754 1477 eree
765 1436 898 1477 exam
911 1420 1015 1479 decere
1037 1418 1178 1499 Apertior
1189 1438 1260 1479 vero
1273 1418 1305 1477 in

257 1520 456 1600 (turgoiense,
475 1520 599 1601 simplici
615 1521 701 1582 sibilo
716 1522 934 1600 pronuntiatem:
959 1525 1022 1583 leis
1034 1526 1101 1583 enei
1110 1544 1163 1584 een
1181 1525 1251 1583 setis
1263 1529 1305 1582 est

259 1629 314 1688 voli
326 1642 417 1687 oenoe
430 1646 488 1685 erse
499 1628 566 1686 lese
587 1628 700 1704 peridem.
729 1626 877 1687 Ceterum
889 1626 954 1706 quis
966 1628 1075 1687 eximet
1091 1648 1110 1688 e
1122 1628 1231 1689 cretico
1243 1646 1307 1688 ver·

261 1747 332 1791 snm
344 1730 426 1789 illene
438 1748 476 1790 ex
498 1728 692 1789 Trinummo?
713 1728 760 1789 Sit
774 1734 958 1793 recendente·
973 1735 1043 1793 eloe
1052 1734 1126 1811 fidei
1144 1756 1177 1794 ec
1182 1736 1306 1811 fiducie.

269 1836 333 1895 Nin'
345 1836 395 1917 qui
408 1836 446 1897 sd
458 1836 640 1899 trocleiecem
652 1852 733 1898 erem
745 1835 823 1897 illem
831 1836 939 1899 misere
946 1837 1134 1917 confugerit?
1153 1838 1308 1905 Quereillo

265 1942 426 2003 obremtm
437 1962 476 2003 er
490 1942 682 2022 Gurguliene,
694 1959 781 2021 quern
791 1940 946 2020 jembicm,
960 1952 994 2003 ut
1003 1961 1070 2003 sese
1082 1943 1119 2002 in·
1129 1943 1227 2003 omnia
1246 1962 1310 2004 ver-

264 2057 339 2121 tent,
352 2046 424 2128 quin
433 2047 479 2121 sit,
489 2046 607 2109 efficere
617 2057 767 2128 nequeant
779 2047 857 2105 liberi
869 2047 949 2122 lepor,
963 2052 998 2104 st
1008 2047 1107 2107 seces
1119 2048 1221 2107 vereri
1232 2049 1308 2125 cupi·

268 2154 381 2213 desere
394 2154 504 2234 ‘Atque
516 2153 599 2214 initio
609 2153 728 2233 quidem
740 2150 865 2213 erbltror
876 2152 1021 2211 rocelium
1040 2153 1203 2213 teemornm
1219 2152 1311 2214 molli·

262 2257 436 2331 defectum,
449 2268 483 2317 ut
498 2256 628 2317 subirent
640 2256 732 2337 pedes
740 2255 846 2317 elienit
860 2256 902 2315 sic
911 2256 1044 2330 dicimus,
1056 2266 1139 2339 χρεώ,
1151 2258 1309 2333 epipedis·

266 2366 385 2435 πόλεως,
399 2366 512 2421 πλέονι
526 2370 561 2423 ut
573 2361 718 2423 bacchum
728 2361 815 2422 etiem
826 2360 1022 2440 receperimus
1035 2361 1086 2422 illo
1098 2382 1201 2423 versu:
1225 2371 1251 2422 et
1265 2364 1310 2423 le·

262 2468 325 2529 ‘otis
337 2486 433 2529 ecrtes
443 2469 514 2527 lenio
524 2468 624 2527 decent
637 2476 760 2547 argento.
780 2465 820 2525 At
833 2465 910 2527 hunc
923 2486 1037 2527 versum
1056 2468 1244 2547 spondeicuru
1254 2488 1309 2549 pu·

265 2580 317 2631 tet
333 2570 497 2631 Diomedes
509 2569 552 2629 vir
571 2570 686 2631 doctum.
704 2588 764 2631 non
785 2572 880 2633 mele:
902 2582 937 2633 ut
948 2574 1066 2633 mollior
1085 2575 1195 2635 voculis
1207 2575 1312 2635 nubent

207 2730 216 2751 ,
269 2670 436 2737 iuniorem}
452 2674 503 2736 Sic
518 2676 659 2737 creticum
669 2677 850 2756 interposuit,
864 2688 899 2737 ut
911 2677 1080 2757 spondeum
1094 2680 1207 2739 feceret
1220 2700 1311 2739 auree.

271 2780 397 2850 Quodsi
405 2781 435 2841 in
447 2782 589 2862 trugoedie
602 2781 705 2844 cretici
718 2793 796 2854 sunt,
814 2779 846 2841 in
858 2780 982 2842 heroicis
991 2780 1129 2844 bacchius
1139 2793 1170 2842 et
1182 2782 1314 2846 eutibec·

270 2887 366 2960 ohim,
388 2898 421 2948 ut
435 2899 551 2949 teceem
565 2900 754 2970 enepaestum,
778 2899 843 2948 tum
866 2887 1000 2961 Homeri,
1013 2887 1118 2968 βορέης
1139 2893 1312 2970 temptem

270 3005 334 3054 tum
347 2993 470 3074 Virgilii,
495 2996 656 3056 Plurimus
676 3015 723 3056 ree
743 2995 899 3056 Hedones:
921 3013 978 3054 non
1002 2993 1137 3054 sidentur
1154 2995 1246 3056 fuisse
1267 3005 1313 3057 tot

271 3109 400 3160 moesus
412 3099 585 3174 necessarie,
599 3111 671 3180 quot
689 3099 737 3162 isti
760 3099 922 3160 eximendis
944 3100 1096 3160 elementis
1117 3111 1262 3175 crearunt,
1282 3103 1313 3163 in

271 3205 384 3282 quedem,
398 3204 428 3264 in
438 3205 519 3278 siuet,
530 3204 561 3264 in
575 3207 661 3279 emet,
675 3217 764 3285 etque
774 3203 837 3264 eliis
847 3224 855 3265 ε
867 3223 964 3285 neque
974 3205 1174 3266 excludendus
1182 3205 1313 3285 integros

271 3309 363 3370 fuisse
374 3330 474 3382 voces,
485 3321 536 3371 eut
544 3310 613 3372 alies
623 3311 734 3392 spurias
743 3309 876 3388 ingenuis
883 3309 1098 3388 supponendas,
1109 3310 1191 3389 quod
1206 3311 1314 3372 fecisse

274 3412 427 3474 Erssmem
440 3425 470 3474 et
484 3433 573 3495 eupre
594 3416 784 3488 ostendimus,
798 3423 830 3474 et
842 3432 882 3474 ex
894 3412 941 3474 leis
957 3423 1048 3494 petet.
1075 3414 1154 3475 Nem
1172 3417 1203 3476 in
1216 3416 1316 3477 Eunu-

269 3518 338 3592 cho,
352 3521 510 3596 despectm
524 3522 640 3600 posuit:
654 3523 825 3599 despicetern
839 3519 969 3583 sustulit:
992 3520 1088 3580 lebret
1101 3523 1273 3598 despicerem,
1284 3535 1313 3583 et

274 3645 332 3702 pue
344 3645 392 3684 ees
403 3645 506 3701 reaper
518 3627 638 3684 emmens
652 3627 773 3685 crroeient
786 3627 882 3685 modis.
902 3625 991 3684 eluxit
1007 3625 1095 3684 etiem
1114 3642 1241 3686 errorem
1255 3629 1313 3690 elie

273 3729 371 3809 culpe,
382 3747 451 3789 cum
462 3745 502 3789 ex
515 3730 619 3790 eedem
635 3729 734 3791 fabule
746 3749 862 3792 versum
874 3729 960 3810 fingit
972 3749 1011 3790 ex
1022 3730 1098 3810 petis
1112 3731 1248 3793 creticis:
1261 3737 1314 3793 sic·

274 3837 332 3894 eine
345 3837 422 3914 egis?
431 3837 491 3914 peis
502 3845 533 3896 te
542 3837 618 3896 domo
631 3845 681 3895 est
701 3837 767 3912 quid
778 3837 829 3895 tili
841 3837 904 3896 eis?
927 3837 993 3913 quid
1004 3854 1064 3894 cem
1077 3837 1125 3894 ille
1137 3838 1179 3894 rei
1190 3839 1241 3897 tibi
1253 3844 1314 3899 est?

274 3941 372 4005 Quem
382 3948 481 3999 tumen
489 3938 647 4018 jembicurn
660 3939 833 4018 quedretum
847 3959 1001 4020 egnesces.
1020 3940 1087 4000 Peri
1099 3940 1270 4003 infelicitate
1282 3955 1318 4006 et

276 4045 357 4106 illum
374 4063 415 4107 ex
436 4046 549 4106 Andria
562 4044 679 4106 creticis
701 4045 852 4118 conclusit,
875 4045 1018 4125 quiesset
1037 4045 1168 4104 seuerius
1180 4045 1314 4126 integer:

272 4151 304 4210 ie
315 4152 467 4230 denegando
479 4153 556 4212 mede
568 4150 726 4228 qeirpedor
738 4159 780 4209 est
790 4152 937 4228 paululum,
957 4150 1091 4210 restitute
1114 4169 1239 4231 nemque
1257 4174 1318 4234 per
1332 4175 1336 4182 ·

273 4256 388 4316 initium
398 4257 613 4336 praepositione,
624 4275 708 4336 quem
719 4255 768 4316 ille
776 4254 860 4314 nimis
867 4254 1048 4316 confidenter
1055 4255 1213 4316 sustulerat
1221 4256 1250 4315 in
1256 4259 1319 4338 pri-

274 4363 334 4422 oris
345 4363 445 4435 finem,
456 4363 540 4425 tolles
550 4364 626 4424 illius
640 4373 671 4422 et
684 4380 823 4432 errorem,
832 4369 864 4420 et
875 4357 1043 4420 sedeciam:
1057 4359 1142 4418 simul
1156 4360 1320 4440 deprehen-

274 4468 469 4530 desomnem·
477 4471 612 4552 culpetur
637 4467 687 4550 qui
699 4467 838 4530 creticum
853 4462 998 4524 extribus
1007 4463 1129 4524 vocibus
1148 4464 1315 4527 confectum

274 4573 311 4632 iri
324 4575 516 4655 sperevitillis
529 4577 589 4656 quis
598 4577 686 4653 pudor
699 4583 754 4634 ert·
772 4572 881 4630 Verum
894 4569 946 4630 ille
957 4567 999 4628 vir
1013 4570 1151 4632 curiosior
1160 4573 1248 4651 poulo
1259 4572 1316 4632 fuit
