<?xml version="1.0" encoding="UTF-8"?>
<!DOCTYPE html PUBLIC "-//W3C//DTD XHTML 1.0 Transitional//EN"
    "http://www.w3.org/TR/xhtml1/DTD/xhtml1-transitional.dtd">
<html xmlns="http://www.w3.org/1999/xhtml" xml:lang="en" lang="en">
 <head>
  <title>
</title>
<meta http-equiv="Content-Type" content="text/html;charset=utf-8" />
  <meta name='ocr-system' content='tesseract 3.04.00' />
  <meta name='ocr-capabilities' content='ocr_page ocr_carea ocr_par ocr_line ocrx_word'/>
</head>
<body>
  <div class='ocr_page' id='page_1' title='image "./pterentiicartha01ruhngoog/pterentiicartha01ruhngoog_0058.png"; bbox 0 0 3292 5575; ppageno 0'>
   <div class='ocr_carea' id='block_1_1' title="bbox 195 701 1157 775">
    <p class='ocr_par' dir='ltr' id='par_1_1' title="bbox 195 701 1157 775">
     <span class='ocr_line' id='line_1_1' title="bbox 195 701 1157 775; baseline 0.003 -13"><span class='ocrx_word' id='word_1_1' title='bbox 195 714 197 724; x_wconf 88' lang='lat'>&#39;</span> <span class='ocrx_word' id='word_1_2' title='bbox 318 702 413 763; x_wconf 75' lang='lat' dir='ltr'><strong>xlviii·</strong></span> <span class='ocrx_word' id='word_1_3' title='bbox 513 701 1157 775; x_wconf 76' lang='lat' dir='ltr'><strong>Junucrnssmsscsmnnlu</strong></span> 
     </span>
    </p>
   </div>
   <div class='ocr_carea' id='block_1_2' title="bbox 306 880 1402 2739">
    <p class='ocr_par' dir='ltr' id='par_1_2' title="bbox 306 880 1402 2739">
     <span class='ocr_line' id='line_1_2' title="bbox 317 880 1352 961; baseline -0.001 -18"><span class='ocrx_word' id='word_1_4' title='bbox 317 883 397 955; x_wconf 78' lang='lat' dir='ltr'><strong>Ario,</strong></span> <span class='ocrx_word' id='word_1_5' title='bbox 410 882 447 943; x_wconf 88' lang='lat' dir='ltr'><strong>sit</strong></span> <span class='ocrx_word' id='word_1_6' title='bbox 460 892 631 961; x_wconf 67' lang='lat' dir='ltr'><strong>anapestus.</strong></span> <span class='ocrx_word' id='word_1_7' title='bbox 671 881 720 943; x_wconf 78' lang='lat' dir='ltr'><strong>sio</strong></span> <span class='ocrx_word' id='word_1_8' title='bbox 736 881 1019 956; x_wconf 69' lang='lat' dir='ltr'><strong>molismensium,</strong></span> <span class='ocrx_word' id='word_1_9' title='bbox 1037 902 1097 944; x_wconf 89' lang='lat' dir='ltr'><strong>nou</strong></span> <span class='ocrx_word' id='word_1_10' title='bbox 1110 881 1231 943; x_wconf 82' lang='lat' dir='ltr'><strong>collidus</strong></span> <span class='ocrx_word' id='word_1_11' title='bbox 1248 880 1352 942; x_wconf 77' lang='lat' dir='ltr'><strong>edver-</strong></span> 
     </span>
     <span class='ocr_line' id='line_1_3' title="bbox 306 985 1402 1085; baseline -0.003 -36"><span class='ocrx_word' id='word_1_12' title='bbox 306 986 408 1085; x_wconf 43' lang='lat' dir='ltr'><strong>‘binm‚</strong></span> <span class='ocrx_word' id='word_1_13' title='bbox 418 990 511 1065; x_wconf 81' lang='lat' dir='ltr'><em>probe,</em></span> <span class='ocrx_word' id='word_1_14' title='bbox 525 999 556 1049; x_wconf 86' lang='lat' dir='ltr'><strong>et</strong></span> <span class='ocrx_word' id='word_1_15' title='bbox 568 987 623 1049; x_wconf 82' lang='lat' dir='ltr'><strong>erit</strong></span> <span class='ocrx_word' id='word_1_16' title='bbox 636 996 798 1066; x_wconf 84' lang='lat' dir='ltr'><strong>unepoestus</strong></span> <span class='ocrx_word' id='word_1_17' title='bbox 810 985 941 1065; x_wconf 89' lang='lat' dir='ltr'><strong>primsin</strong></span> <span class='ocrx_word' id='word_1_18' title='bbox 953 986 1033 1058; x_wconf 86' lang='lat' dir='ltr'><strong>sede,</strong></span> <span class='ocrx_word' id='word_1_19' title='bbox 1048 987 1161 1066; x_wconf 81' lang='lat' dir='ltr'><strong>critque</strong></span> <span class='ocrx_word' id='word_1_20' title='bbox 1178 986 1351 1058; x_wconf 79' lang='lat' dir='ltr'><strong>octonmius,</strong></span> <span class='ocrx_word' id='word_1_21' title='bbox 1395 1051 1402 1061; x_wconf 57' lang='grc'>,</span> 
     </span>
     <span class='ocr_line' id='line_1_4' title="bbox 319 1091 1351 1174; baseline -0.002 -19"><span class='ocrx_word' id='word_1_22' title='bbox 319 1094 493 1165; x_wconf 75' lang='lat' dir='ltr'><strong>trocheicum,</strong></span> <span class='ocrx_word' id='word_1_23' title='bbox 518 1093 714 1165; x_wconf 62' lang='lat' dir='ltr'><strong>catalecticus,</strong></span> <span class='ocrx_word' id='word_1_24' title='bbox 739 1104 770 1154; x_wconf 86' lang='lat' dir='ltr'><strong>et</strong></span> <span class='ocrx_word' id='word_1_25' title='bbox 790 1095 870 1165; x_wconf 78' lang='lat' dir='ltr'><strong>Ario,</strong></span> <span class='ocrx_word' id='word_1_26' title='bbox 892 1093 1076 1174; x_wconf 81' lang='lat' dir='ltr'><strong>bisyllsbnm.</strong></span> <span class='ocrx_word' id='word_1_27' title='bbox 1115 1094 1152 1153; x_wconf 92' lang='lat' dir='ltr'><strong>In</strong></span> <span class='ocrx_word' id='word_1_28' title='bbox 1176 1091 1351 1153; x_wconf 76' lang='lat' dir='ltr'><strong>Phormione</strong></span> 
     </span>
     <span class='ocr_line' id='line_1_5' title="bbox 319 1198 1354 1280; baseline -0.004 -21"><span class='ocrx_word' id='word_1_29' title='bbox 319 1199 427 1260; x_wconf 77' lang='lat' dir='ltr'><strong>luntre</strong></span> <span class='ocrx_word' id='word_1_30' title='bbox 447 1201 561 1261; x_wconf 82' lang='lat' dir='ltr'><strong>laborat</strong></span> <span class='ocrx_word' id='word_1_31' title='bbox 586 1200 798 1280; x_wconf 77' lang='lat' dir='ltr'><strong>transponendo</strong></span> <span class='ocrx_word' id='word_1_32' title='bbox 819 1200 918 1270; x_wconf 81' lang='lat' dir='ltr'><strong>verbu,</strong></span> <span class='ocrx_word' id='word_1_33' title='bbox 942 1209 976 1257; x_wconf 83' lang='lat' dir='ltr'><strong>ut</strong></span> <span class='ocrx_word' id='word_1_34' title='bbox 997 1198 1123 1259; x_wconf 88' lang='lat' dir='ltr'><strong>numeris</strong></span> <span class='ocrx_word' id='word_1_35' title='bbox 1149 1198 1291 1267; x_wconf 77' lang='lat' dir='ltr'><strong>consulet,</strong></span> <span class='ocrx_word' id='word_1_36' title='bbox 1315 1214 1354 1255; x_wconf 88' lang='lat' dir='ltr'><strong>eo</strong></span> 
     </span>
     <span class='ocr_line' id='line_1_6' title="bbox 321 1300 1352 1383; baseline -0.004 -20"><span class='ocrx_word' id='word_1_37' title='bbox 321 1322 425 1364; x_wconf 76' lang='lat' dir='ltr'><strong>versu:</strong></span> <span class='ocrx_word' id='word_1_38' title='bbox 445 1313 477 1363; x_wconf 87' lang='lat' dir='ltr'><strong>ut</strong></span> <span class='ocrx_word' id='word_1_39' title='bbox 490 1306 526 1363; x_wconf 92' lang='lat' dir='ltr'><strong>od</strong></span> <span class='ocrx_word' id='word_1_40' title='bbox 540 1324 630 1383; x_wconf 81' lang='lat' dir='ltr'><strong>posco</strong></span> <span class='ocrx_word' id='word_1_41' title='bbox 640 1307 753 1377; x_wconf 67' lang='lat' dir='ltr'><strong>redono,</strong></span> <span class='ocrx_word' id='word_1_42' title='bbox 766 1326 799 1364; x_wconf 89' lang='lat' dir='ltr'><strong>uo</strong></span> <span class='ocrx_word' id='word_1_43' title='bbox 815 1306 921 1363; x_wconf 71' lang='lat' dir='ltr'><strong>norton</strong></span> <span class='ocrx_word' id='word_1_44' title='bbox 933 1303 1006 1361; x_wconf 73' lang='lat' dir='ltr'><strong>illius</strong></span> <span class='ocrx_word' id='word_1_45' title='bbox 1018 1302 1141 1379; x_wconf 73' lang='lat' dir='ltr'><strong>ineptior.</strong></span> <span class='ocrx_word' id='word_1_46' title='bbox 1181 1300 1298 1361; x_wconf 79' lang='lat' dir='ltr'><strong>Mavult</strong></span> <span class='ocrx_word' id='word_1_47' title='bbox 1310 1300 1352 1359; x_wconf 72' lang='lat' dir='ltr'><strong>itu</strong></span> 
     </span>
     <span class='ocr_line' id='line_1_7' title="bbox 321 1393 1365 1495; baseline -0.001 -29"><span class='ocrx_word' id='word_1_48' title='bbox 321 1408 400 1487; x_wconf 80' lang='lat' dir='ltr'><strong>legi:</strong></span> <span class='ocrx_word' id='word_1_49' title='bbox 421 1411 458 1467; x_wconf 83' lang='lat' dir='ltr'><strong>od</strong></span> <span class='ocrx_word' id='word_1_50' title='bbox 466 1430 554 1485; x_wconf 89' lang='lat' dir='ltr'><strong>pouco</strong></span> <span class='ocrx_word' id='word_1_51' title='bbox 574 1418 606 1469; x_wconf 83' lang='lat' dir='ltr'><strong>ut</strong></span> <span class='ocrx_word' id='word_1_52' title='bbox 617 1393 729 1471; x_wconf 75' lang='lat' dir='ltr'><strong>redono.</strong></span> <span class='ocrx_word' id='word_1_53' title='bbox 770 1411 814 1469; x_wconf 88' lang='lat' dir='ltr'><strong>At</strong></span> <span class='ocrx_word' id='word_1_54' title='bbox 826 1407 1034 1478; x_wconf 80' lang='lat' dir='ltr'><strong>veroverbum,</strong></span> <span class='ocrx_word' id='word_1_55' title='bbox 1049 1408 1164 1477; x_wconf 74' lang='lat' dir='ltr'><strong>redeosi,</strong></span> <span class='ocrx_word' id='word_1_56' title='bbox 1176 1404 1365 1495; x_wconf 66' lang='lat' dir='ltr'><strong>bnynobun,</strong></span> 
     </span>
     <span class='ocr_line' id='line_1_8' title="bbox 322 1510 1352 1604; baseline -0.005 -31"><span class='ocrx_word' id='word_1_57' title='bbox 322 1512 454 1584; x_wconf 66' lang='lat' dir='ltr'><strong>essevel</strong></span> <span class='ocrx_word' id='word_1_58' title='bbox 468 1513 616 1573; x_wconf 74' lang='lat' dir='ltr'><strong>sexcentis</strong></span> <span class='ocrx_word' id='word_1_59' title='bbox 635 1512 716 1604; x_wconf 65' lang='lat' dir='ltr'><strong>lupis,</strong></span> <span class='ocrx_word' id='word_1_60' title='bbox 738 1514 789 1573; x_wconf 88' lang='lat' dir='ltr'><strong>ubi</strong></span> <span class='ocrx_word' id='word_1_61' title='bbox 813 1533 886 1593; x_wconf 87' lang='lat' dir='ltr'><strong>opus</strong></span> <span class='ocrx_word' id='word_1_62' title='bbox 905 1523 960 1584; x_wconf 81' lang='lat' dir='ltr'><strong>est,</strong></span> <span class='ocrx_word' id='word_1_63' title='bbox 976 1521 1102 1573; x_wconf 84' lang='lat' dir='ltr'><strong>constet.</strong></span> <span class='ocrx_word' id='word_1_64' title='bbox 1143 1510 1254 1569; x_wconf 84' lang='lat' dir='ltr'><strong>Eximit</strong></span> <span class='ocrx_word' id='word_1_65' title='bbox 1264 1510 1352 1569; x_wconf 80' lang='lat' dir='ltr'><strong>etium</strong></span> 
     </span>
     <span class='ocr_line' id='line_1_9' title="bbox 322 1612 1355 1698; baseline -0.007 -21"><span class='ocrx_word' id='word_1_66' title='bbox 322 1617 452 1677; x_wconf 78' lang='lat' dir='ltr'><strong>vocalem</strong></span> <span class='ocrx_word' id='word_1_67' title='bbox 464 1618 549 1693; x_wconf 88' lang='lat' dir='ltr'><strong>hujus</strong></span> <span class='ocrx_word' id='word_1_68' title='bbox 569 1618 789 1698; x_wconf 73' lang='lat' dir='ltr'><strong>propositionis,</strong></span> <span class='ocrx_word' id='word_1_69' title='bbox 799 1638 862 1693; x_wconf 80' lang='lat' dir='ltr'><strong>per,</strong></span> <span class='ocrx_word' id='word_1_70' title='bbox 881 1635 917 1677; x_wconf 90' lang='lat' dir='ltr'><strong>eo</strong></span> <span class='ocrx_word' id='word_1_71' title='bbox 940 1634 1025 1676; x_wconf 86' lang='lat' dir='ltr'><strong>versu</strong></span> <span class='ocrx_word' id='word_1_72' title='bbox 1044 1613 1256 1694; x_wconf 77' lang='lat' dir='ltr'><strong>Adelphorum.</strong></span> <span class='ocrx_word' id='word_1_73' title='bbox 1295 1612 1355 1670; x_wconf 83' lang='lat' dir='ltr'><strong>Po·</strong></span> 
     </span>
     <span class='ocr_line' id='line_1_10' title="bbox 322 1715 1355 1799; baseline -0.006 -18"><span class='ocrx_word' id='word_1_74' title='bbox 322 1722 512 1798; x_wconf 71' lang='lat' dir='ltr'><strong>oppressionem</strong></span> <span class='ocrx_word' id='word_1_75' title='bbox 531 1732 562 1781; x_wconf 79' lang='lat' dir='ltr'><strong>ut</strong></span> <span class='ocrx_word' id='word_1_76' title='bbox 575 1725 642 1782; x_wconf 79' lang='lat' dir='ltr'><strong>hono</strong></span> <span class='ocrx_word' id='word_1_77' title='bbox 654 1724 719 1783; x_wconf 75' lang='lat' dir='ltr'><strong>miti</strong></span> <span class='ocrx_word' id='word_1_78' title='bbox 729 1724 833 1799; x_wconf 70' lang='lat' dir='ltr'><strong>cripere</strong></span> <span class='ocrx_word' id='word_1_79' title='bbox 847 1724 976 1798; x_wconf 74' lang='lat' dir='ltr'><strong>postulet.</strong></span> <span class='ocrx_word' id='word_1_80' title='bbox 1016 1721 1057 1781; x_wconf 80' lang='lat' dir='ltr'><strong>At</strong></span> <span class='ocrx_word' id='word_1_81' title='bbox 1077 1738 1154 1792; x_wconf 80' lang='lat' dir='ltr'><strong>vero,</strong></span> <span class='ocrx_word' id='word_1_82' title='bbox 1177 1718 1249 1797; x_wconf 87' lang='lat' dir='ltr'><strong>qnid</strong></span> <span class='ocrx_word' id='word_1_83' title='bbox 1267 1715 1355 1777; x_wconf 80' lang='lat' dir='ltr'><strong>llrerit</strong></span> 
     </span>
     <span class='ocr_line' id='line_1_11' title="bbox 322 1819 1354 1905; baseline -0.006 -20"><span class='ocrx_word' id='word_1_84' title='bbox 322 1824 432 1897; x_wconf 87' lang='lat' dir='ltr'><strong>dicere,</strong></span> <span class='ocrx_word' id='word_1_85' title='bbox 438 1828 674 1902; x_wconf 77' lang='lat' dir='ltr'><strong>propreniooem?</strong></span> <span class='ocrx_word' id='word_1_86' title='bbox 693 1834 800 1905; x_wconf 81' lang='lat' dir='ltr'><strong>nempe</strong></span> <span class='ocrx_word' id='word_1_87' title='bbox 812 1825 947 1904; x_wconf 79' lang='lat' dir='ltr'><strong>ln&#39;gidnm</strong></span> <span class='ocrx_word' id='word_1_88' title='bbox 963 1824 1119 1885; x_wconf 87' lang='lat' dir='ltr'><strong>edmodunr</strong></span> <span class='ocrx_word' id='word_1_89' title='bbox 1139 1832 1194 1893; x_wconf 87' lang='lat' dir='ltr'><strong>est,</strong></span> <span class='ocrx_word' id='word_1_90' title='bbox 1208 1841 1248 1881; x_wconf 92' lang='lat' dir='ltr'><strong>ne</strong></span> <span class='ocrx_word' id='word_1_91' title='bbox 1260 1819 1354 1879; x_wconf 77' lang='lat' dir='ltr'><strong>dium</strong></span> 
     </span>
     <span class='ocr_line' id='line_1_12' title="bbox 322 1926 1355 2009; baseline -0.006 -21"><span class='ocrx_word' id='word_1_92' title='bbox 322 1928 485 2001; x_wconf 66' lang='lat' dir='ltr'><strong>sbsnrffirm,</strong></span> <span class='ocrx_word' id='word_1_93' title='bbox 500 1949 607 1991; x_wconf 86' lang='lat' dir='ltr'><strong>novum</strong></span> <span class='ocrx_word' id='word_1_94' title='bbox 619 1930 698 2009; x_wconf 76' lang='lat' dir='ltr'><strong>fngae</strong></span> <span class='ocrx_word' id='word_1_95' title='bbox 707 1940 810 2009; x_wconf 79' lang='lat' dir='ltr'><strong>genus,</strong></span> <span class='ocrx_word' id='word_1_96' title='bbox 820 1950 880 2009; x_wconf 91' lang='lat' dir='ltr'><strong>quo</strong></span> <span class='ocrx_word' id='word_1_97' title='bbox 888 1930 977 1990; x_wconf 81' lang='lat' dir='ltr'><strong>evitet</strong></span> <span class='ocrx_word' id='word_1_98' title='bbox 982 1930 1123 1990; x_wconf 84' lang='lat' dir='ltr'><strong>creticum</strong></span> <span class='ocrx_word' id='word_1_99' title='bbox 1130 1928 1249 1987; x_wconf 75' lang='lat' dir='ltr'><strong>fstnlem</strong></span> <span class='ocrx_word' id='word_1_100' title='bbox 1257 1926 1355 1984; x_wconf 83' lang='lat' dir='ltr'><strong>illum:</strong></span> 
     </span>
     <span class='ocr_line' id='line_1_13' title="bbox 322 2031 1356 2115; baseline -0.003 -24"><span class='ocrx_word' id='word_1_101' title='bbox 322 2051 389 2091; x_wconf 90' lang='lat' dir='ltr'><strong>cnm</strong></span> <span class='ocrx_word' id='word_1_102' title='bbox 401 2042 497 2093; x_wconf 69' lang='lat' dir='ltr'><strong>nmen</strong></span> <span class='ocrx_word' id='word_1_103' title='bbox 510 2032 585 2094; x_wconf 81' lang='lat' dir='ltr'><strong>odeo</strong></span> <span class='ocrx_word' id='word_1_104' title='bbox 607 2034 732 2097; x_wconf 77' lang='lat' dir='ltr'><strong>ndliuer</strong></span> <span class='ocrx_word' id='word_1_105' title='bbox 749 2034 934 2114; x_wconf 78' lang='lat' dir='ltr'><strong>pronrmciori</strong></span> <span class='ocrx_word' id='word_1_106' title='bbox 952 2035 1053 2115; x_wconf 84' lang='lat' dir='ltr'><strong>possit,</strong></span> <span class='ocrx_word' id='word_1_107' title='bbox 1073 2046 1107 2093; x_wconf 89' lang='lat' dir='ltr'><strong>nt</strong></span> <span class='ocrx_word' id='word_1_108' title='bbox 1129 2033 1177 2092; x_wconf 83' lang='lat' dir='ltr'><strong>vix</strong></span> <span class='ocrx_word' id='word_1_109' title='bbox 1194 2031 1319 2091; x_wconf 80' lang='lat' dir='ltr'><strong>divertet</strong></span> <span class='ocrx_word' id='word_1_110' title='bbox 1336 2046 1356 2088; x_wconf 80' lang='lat' dir='ltr'><strong>s</strong></span> 
     </span>
     <span class='ocr_line' id='line_1_14' title="bbox 322 2134 1358 2219; baseline -0.002 -22"><span class='ocrx_word' id='word_1_111' title='bbox 322 2147 426 2197; x_wconf 77' lang='lat' dir='ltr'><strong>natura</strong></span> <span class='ocrx_word' id='word_1_112' title='bbox 438 2137 568 2216; x_wconf 89' lang='lat' dir='ltr'><strong>spondei.</strong></span> <span class='ocrx_word' id='word_1_113' title='bbox 608 2140 667 2199; x_wconf 86' lang='lat' dir='ltr'><strong>Sed</strong></span> <span class='ocrx_word' id='word_1_114' title='bbox 674 2145 736 2215; x_wconf 74' lang='lat' dir='ltr'><strong>jorn</strong></span> <span class='ocrx_word' id='word_1_115' title='bbox 749 2158 853 2199; x_wconf 78' lang='lat' dir='ltr'><strong>vereor</strong></span> <span class='ocrx_word' id='word_1_116' title='bbox 866 2139 980 2219; x_wconf 91' lang='lat' dir='ltr'><strong>nequis</strong></span> <span class='ocrx_word' id='word_1_117' title='bbox 993 2158 1103 2211; x_wconf 84' lang='lat' dir='ltr'><strong>eorum,</strong></span> <span class='ocrx_word' id='word_1_118' title='bbox 1117 2157 1191 2218; x_wconf 88' lang='lat' dir='ltr'><strong>quos</strong></span> <span class='ocrx_word' id='word_1_119' title='bbox 1202 2136 1251 2195; x_wconf 89' lang='lat' dir='ltr'><strong>ille</strong></span> <span class='ocrx_word' id='word_1_120' title='bbox 1260 2134 1358 2199; x_wconf 82' lang='lat' dir='ltr'><strong>multis</strong></span> 
     </span>
     <span class='ocr_line' id='line_1_15' title="bbox 322 2236 1357 2324; baseline 0 -24"><span class='ocrx_word' id='word_1_121' title='bbox 322 2240 509 2321; x_wconf 87' lang='lat' dir='ltr'><strong>locispremit</strong></span> <span class='ocrx_word' id='word_1_122' title='bbox 522 2243 625 2303; x_wconf 80' lang='lat' dir='ltr'><strong>fabulis</strong></span> <span class='ocrx_word' id='word_1_123' title='bbox 648 2255 735 2324; x_wconf 80' lang='lat' dir='ltr'><strong>etque</strong></span> <span class='ocrx_word' id='word_1_124' title='bbox 756 2243 868 2315; x_wconf 81' lang='lat' dir='ltr'><strong>irridet,</strong></span> <span class='ocrx_word' id='word_1_125' title='bbox 890 2254 1012 2322; x_wconf 80' lang='lat' dir='ltr'><strong>reponet</strong></span> <span class='ocrx_word' id='word_1_126' title='bbox 1035 2244 1063 2302; x_wconf 88' lang='lat' dir='ltr'><strong>ei</strong></span> <span class='ocrx_word' id='word_1_127' title='bbox 1084 2242 1227 2321; x_wconf 55' lang='lat' dir='ltr'><strong>mum:</strong></span> <span class='ocrx_word' id='word_1_128' title='bbox 1246 2236 1357 2301; x_wconf 86' lang='lat' dir='ltr'><strong>cumin</strong></span> 
     </span>
     <span class='ocr_line' id='line_1_16' title="bbox 323 2342 1355 2427; baseline -0.001 -24"><span class='ocrx_word' id='word_1_129' title='bbox 323 2344 422 2414; x_wconf 80' lang='lat' dir='ltr'><strong>verbo,</strong></span> <span class='ocrx_word' id='word_1_130' title='bbox 430 2346 547 2420; x_wconf 74' lang='lat' dir='ltr'><strong>porculo,</strong></span> <span class='ocrx_word' id='word_1_131' title='bbox 557 2344 650 2406; x_wconf 78' lang='lat' dir='ltr'><strong>scium</strong></span> <span class='ocrx_word' id='word_1_132' title='bbox 662 2348 699 2409; x_wconf 83' lang='lat' dir='ltr'><strong>eb</strong></span> <span class='ocrx_word' id='word_1_133' title='bbox 711 2347 773 2426; x_wconf 87' lang='lat' dir='ltr'><strong>ipso</strong></span> <span class='ocrx_word' id='word_1_134' title='bbox 787 2360 948 2427; x_wconf 76' lang='lat' dir='ltr'><strong>exemptum</strong></span> <span class='ocrx_word' id='word_1_135' title='bbox 958 2346 1084 2407; x_wconf 82' lang='lat' dir='ltr'><strong>medinm</strong></span> <span class='ocrx_word' id='word_1_136' title='bbox 1096 2346 1236 2405; x_wconf 77' lang='lat' dir='ltr'><strong>vocalem.</strong></span> <span class='ocrx_word' id='word_1_137' title='bbox 1263 2342 1355 2421; x_wconf 79' lang='lat' dir='ltr'><strong>Meg·</strong></span> 
     </span>
     <span class='ocr_line' id='line_1_17' title="bbox 321 2446 1357 2530; baseline 0 -25"><span class='ocrx_word' id='word_1_138' title='bbox 321 2466 360 2505; x_wconf 84' lang='lat' dir='ltr'><strong>no</strong></span> <span class='ocrx_word' id='word_1_139' title='bbox 374 2446 450 2507; x_wconf 86' lang='lat' dir='ltr'><strong>enirn</strong></span> <span class='ocrx_word' id='word_1_140' title='bbox 468 2448 499 2509; x_wconf 93' lang='lat' dir='ltr'><strong>in</strong></span> <span class='ocrx_word' id='word_1_141' title='bbox 516 2448 648 2527; x_wconf 89' lang='lat' dir='ltr'><strong>periculo</strong></span> <span class='ocrx_word' id='word_1_142' title='bbox 665 2462 719 2524; x_wconf 86' lang='lat' dir='ltr'><strong>est,</strong></span> <span class='ocrx_word' id='word_1_143' title='bbox 737 2471 776 2511; x_wconf 88' lang='lat' dir='ltr'><strong>ne</strong></span> <span class='ocrx_word' id='word_1_144' title='bbox 797 2450 904 2510; x_wconf 78' lang='lat' dir='ltr'><strong>abillis</strong></span> <span class='ocrx_word' id='word_1_145' title='bbox 917 2450 1248 2530; x_wconf 78' lang='lat' dir='ltr'><strong>burburus-appelletur:</strong></span> <span class='ocrx_word' id='word_1_146' title='bbox 1266 2464 1357 2526; x_wconf 88' lang='lat' dir='ltr'><strong>prop-</strong></span> 
     </span>
     <span class='ocr_line' id='line_1_18' title="bbox 322 2550 1358 2635; baseline -0.002 -24"><span class='ocrx_word' id='word_1_147' title='bbox 322 2561 404 2613; x_wconf 83' lang='lat' dir='ltr'><strong>teres</strong></span> <span class='ocrx_word' id='word_1_148' title='bbox 416 2552 495 2631; x_wconf 88' lang='lat' dir='ltr'><strong>qnod</strong></span> <span class='ocrx_word' id='word_1_149' title='bbox 514 2552 663 2626; x_wconf 82' lang='lat' dir='ltr'><strong>Germani,</strong></span> <span class='ocrx_word' id='word_1_150' title='bbox 677 2555 837 2635; x_wconf 71' lang='lat' dir='ltr'><strong>presertim</strong></span> <span class='ocrx_word' id='word_1_151' title='bbox 849 2565 994 2615; x_wconf 70' lang='lat' dir='ltr'><strong>nostrates</strong></span> <span class='ocrx_word' id='word_1_152' title='bbox 1007 2553 1161 2623; x_wconf 85' lang='lat' dir='ltr'><strong>Vindelici,</strong></span> <span class='ocrx_word' id='word_1_153' title='bbox 1172 2551 1279 2622; x_wconf 80' lang='lat' dir='ltr'><strong>earini,</strong></span> <span class='ocrx_word' id='word_1_154' title='bbox 1293 2550 1358 2609; x_wconf 85' lang='lat' dir='ltr'><strong>No·</strong></span> 
     </span>
     <span class='ocr_line' id='line_1_19' title="bbox 323 2655 1358 2739; baseline 0.001 -25"><span class='ocrx_word' id='word_1_155' title='bbox 323 2655 383 2727; x_wconf 88' lang='lat' dir='ltr'><strong>rici,</strong></span> <span class='ocrx_word' id='word_1_156' title='bbox 396 2656 465 2717; x_wconf 87' lang='lat' dir='ltr'><strong>item</strong></span> <span class='ocrx_word' id='word_1_157' title='bbox 476 2656 572 2729; x_wconf 81' lang='lat' dir='ltr'><strong>Suevi,</strong></span> <span class='ocrx_word' id='word_1_158' title='bbox 584 2659 714 2720; x_wconf 72' lang='lat' dir='ltr'><strong>Saxones</strong></span> <span class='ocrx_word' id='word_1_159' title='bbox 724 2659 769 2739; x_wconf 77' lang='lat' dir='ltr'><strong>ite</strong></span> <span class='ocrx_word' id='word_1_160' title='bbox 774 2660 846 2719; x_wconf 90' lang='lat' dir='ltr'><strong>illud</strong></span> <span class='ocrx_word' id='word_1_161' title='bbox 852 2662 974 2721; x_wconf 77' lang='lat' dir='ltr'><strong>uerbum</strong></span> <span class='ocrx_word' id='word_1_162' title='bbox 983 2659 1240 2739; x_wconf 78' lang='lat' dir='ltr'><strong>pronunciant,vix</strong></span> <span class='ocrx_word' id='word_1_163' title='bbox 1250 2667 1285 2716; x_wconf 87' lang='lat' dir='ltr'><strong>nt</strong></span> <span class='ocrx_word' id='word_1_164' title='bbox 1293 2674 1358 2716; x_wconf 80' lang='lat' dir='ltr'><strong>cem</strong></span> 
     </span>
    </p>
   </div>
   <div class='ocr_carea' id='block_1_3' title="bbox 213 2760 1359 2845">
    <p class='ocr_par' dir='ltr' id='par_1_3' title="bbox 213 2760 1359 2845">
     <span class='ocr_line' id='line_1_20' title="bbox 213 2760 1359 2845; baseline -0.003 -19"><span class='ocrx_word' id='word_1_165' title='bbox 213 2811 216 2826; x_wconf 91' lang='lat'>.</span> <span class='ocrx_word' id='word_1_166' title='bbox 323 2760 455 2826; x_wconf 75' lang='lat' dir='ltr'><strong>recolent</strong></span> <span class='ocrx_word' id='word_1_167' title='bbox 474 2762 622 2826; x_wconf 68' lang='lat' dir='ltr'><strong>exaudire</strong></span> <span class='ocrx_word' id='word_1_168' title='bbox 663 2765 773 2824; x_wconf 86' lang='lat' dir='ltr'><strong>Verum</strong></span> <span class='ocrx_word' id='word_1_169' title='bbox 788 2765 933 2843; x_wconf 87' lang='lat' dir='ltr'><strong>equidem,</strong></span> <span class='ocrx_word' id='word_1_170' title='bbox 955 2784 1051 2845; x_wconf 85' lang='lat' dir='ltr'><strong>neque</strong></span> <span class='ocrx_word' id='word_1_171' title='bbox 1066 2764 1193 2825; x_wconf 84' lang='lat' dir='ltr'><strong>irridebo</strong></span> <span class='ocrx_word' id='word_1_172' title='bbox 1212 2775 1359 2824; x_wconf 76' lang='lat' dir='ltr'><strong>maternos</strong></span> 
     </span>
    </p>
   </div>
   <div class='ocr_carea' id='block_1_4' title="bbox 244 2869 1431 4201">
    <p class='ocr_par' dir='ltr' id='par_1_4' title="bbox 244 2869 1431 4201">
     <span class='ocr_line' id='line_1_21' title="bbox 324 2869 1360 2950; baseline -0.003 -20"><span class='ocrx_word' id='word_1_173' title='bbox 324 2887 392 2930; x_wconf 80' lang='lat' dir='ltr'><strong>nvos</strong></span> <span class='ocrx_word' id='word_1_174' title='bbox 406 2887 498 2938; x_wconf 85' lang='lat' dir='ltr'><strong>meos,</strong></span> <span class='ocrx_word' id='word_1_175' title='bbox 508 2887 604 2946; x_wconf 83' lang='lat' dir='ltr'><strong>neque</strong></span> <span class='ocrx_word' id='word_1_176' title='bbox 617 2869 741 2928; x_wconf 85' lang='lat' dir='ltr'><strong>hominis</strong></span> <span class='ocrx_word' id='word_1_177' title='bbox 754 2869 913 2939; x_wconf 84' lang='lat' dir='ltr'><strong>consilium,</strong></span> <span class='ocrx_word' id='word_1_178' title='bbox 927 2871 1034 2949; x_wconf 87' lang='lat' dir='ltr'><strong>quippe</strong></span> <span class='ocrx_word' id='word_1_179' title='bbox 1045 2869 1096 2950; x_wconf 87' lang='lat' dir='ltr'><strong>qui</strong></span> <span class='ocrx_word' id='word_1_180' title='bbox 1108 2889 1219 2930; x_wconf 86' lang='lat' dir='ltr'><strong>memor</strong></span> <span class='ocrx_word' id='word_1_181' title='bbox 1227 2869 1282 2929; x_wconf 89' lang='lat' dir='ltr'><strong>sim</strong></span> <span class='ocrx_word' id='word_1_182' title='bbox 1294 2870 1360 2945; x_wconf 83' lang='lat' dir='ltr'><strong>ojus</strong></span> 
     </span>
     <span class='ocr_line' id='line_1_22' title="bbox 323 2971 1360 3053; baseline -0.002 -21"><span class='ocrx_word' id='word_1_183' title='bbox 323 2991 423 3032; x_wconf 78' lang='lat' dir='ltr'><strong>versus</strong></span> <span class='ocrx_word' id='word_1_184' title='bbox 433 2991 472 3031; x_wconf 82' lang='lat' dir='ltr'><strong>ex</strong></span> <span class='ocrx_word' id='word_1_185' title='bbox 487 2971 611 3032; x_wconf 76' lang='lat' dir='ltr'><strong>Cosinoc</strong></span> <span class='ocrx_word' id='word_1_186' title='bbox 631 2991 755 3032; x_wconf 85' lang='lat' dir='ltr'><strong>nuncne</strong></span> <span class='ocrx_word' id='word_1_187' title='bbox 767 2984 802 3032; x_wconf 84' lang='lat' dir='ltr'><strong>tu</strong></span> <span class='ocrx_word' id='word_1_188' title='bbox 811 2973 988 3052; x_wconf 87' lang='lat' dir='ltr'><strong>respondere</strong></span> <span class='ocrx_word' id='word_1_189' title='bbox 996 2974 1123 3053; x_wconf 80' lang='lat' dir='ltr'><strong>pusurles</strong></span> <span class='ocrx_word' id='word_1_190' title='bbox 1134 2993 1182 3032; x_wconf 85' lang='lat' dir='ltr'><strong>me</strong></span> <span class='ocrx_word' id='word_1_191' title='bbox 1194 2972 1259 3032; x_wconf 81' lang='lat' dir='ltr'><strong>tibi.</strong></span> <span class='ocrx_word' id='word_1_192' title='bbox 1290 2971 1360 3032; x_wconf 84' lang='lat' dir='ltr'><strong>Nun</strong></span> 
     </span>
     <span class='ocr_line' id='line_1_23' title="bbox 324 3073 1362 3156; baseline 0.001 -21"><span class='ocrx_word' id='word_1_193' title='bbox 324 3077 413 3156; x_wconf 81' lang='lat' dir='ltr'><strong>igitur</strong></span> <span class='ocrx_word' id='word_1_194' title='bbox 417 3076 557 3152; x_wconf 85' lang='lat' dir='ltr'><strong>judicium</strong></span> <span class='ocrx_word' id='word_1_195' title='bbox 574 3077 767 3156; x_wconf 80' lang='lat' dir='ltr'><strong>reprehendo,</strong></span> <span class='ocrx_word' id='word_1_196' title='bbox 790 3077 844 3137; x_wconf 89' lang='lat' dir='ltr'><strong>sed</strong></span> <span class='ocrx_word' id='word_1_197' title='bbox 858 3078 961 3154; x_wconf 86' lang='lat' dir='ltr'><strong>judicii</strong></span> <span class='ocrx_word' id='word_1_198' title='bbox 972 3079 1082 3139; x_wconf 87' lang='lat' dir='ltr'><strong>locum.</strong></span> <span class='ocrx_word' id='word_1_199' title='bbox 1121 3079 1159 3137; x_wconf 93' lang='lat' dir='ltr'><strong>Ei</strong></span> <span class='ocrx_word' id='word_1_200' title='bbox 1177 3077 1253 3139; x_wconf 81' lang='lat' dir='ltr'><strong>enim</strong></span> <span class='ocrx_word' id='word_1_201' title='bbox 1265 3073 1362 3136; x_wconf 78' lang='lat' dir='ltr'><strong>venui</strong></span> 
     </span>
     <span class='ocr_line' id='line_1_24' title="bbox 327 3179 1358 3262; baseline -0.001 -22"><span class='ocrx_word' id='word_1_202' title='bbox 327 3179 435 3260; x_wconf 86' lang='lat' dir='ltr'><strong>optime</strong></span> <span class='ocrx_word' id='word_1_203' title='bbox 448 3192 537 3260; x_wconf 84' lang='lat' dir='ltr'><strong>etque</strong></span> <span class='ocrx_word' id='word_1_204' title='bbox 556 3181 748 3260; x_wconf 84' lang='lat' dir='ltr'><strong>pulcherrimo</strong></span> <span class='ocrx_word' id='word_1_205' title='bbox 761 3182 912 3262; x_wconf 72' lang='lat' dir='ltr'><strong>quudrnto,</strong></span> <span class='ocrx_word' id='word_1_206' title='bbox 931 3203 970 3242; x_wconf 78' lang='lat' dir='ltr'><strong>cx</strong></span> <span class='ocrx_word' id='word_1_207' title='bbox 992 3182 1115 3254; x_wconf 70' lang='lat' dir='ltr'><strong>Andria,</strong></span> <span class='ocrx_word' id='word_1_208' title='bbox 1132 3182 1208 3242; x_wconf 77' lang='lat' dir='ltr'><strong>hunc</strong></span> <span class='ocrx_word' id='word_1_209' title='bbox 1228 3179 1358 3257; x_wconf 76' lang='lat' dir='ltr'><strong>injur-iem</strong></span> 
     </span>
     <span class='ocr_line' id='line_1_25' title="bbox 324 3284 1431 3366; baseline -0.004 -20"><span class='ocrx_word' id='word_1_210' title='bbox 324 3285 475 3346; x_wconf 74' lang='lat' dir='ltr'><strong>luciebstr&#39;</strong></span> <span class='ocrx_word' id='word_1_211' title='bbox 493 3288 588 3354; x_wconf 74' lang='lat' dir='ltr'><strong>cumis</strong></span> <span class='ocrx_word' id='word_1_212' title='bbox 600 3288 667 3346; x_wconf 72' lang='lat' dir='ltr'><strong>nihil</strong></span> <span class='ocrx_word' id='word_1_213' title='bbox 681 3297 855 3364; x_wconf 75' lang='lat' dir='ltr'><strong>proruerent:</strong></span> <span class='ocrx_word' id='word_1_214' title='bbox 872 3290 1010 3365; x_wconf 74' lang='lat' dir='ltr'><strong>portolm</strong></span> <span class='ocrx_word' id='word_1_215' title='bbox 1022 3289 1054 3347; x_wconf 81' lang='lat' dir='ltr'><strong>id</strong></span> <span class='ocrx_word' id='word_1_216' title='bbox 1062 3288 1162 3366; x_wconf 78' lang='lat' dir='ltr'><strong>grotic</strong></span> <span class='ocrx_word' id='word_1_217' title='bbox 1179 3286 1278 3363; x_wconf 72' lang='lat' dir='ltr'><strong>opponi</strong></span> <span class='ocrx_word' id='word_1_218' title='bbox 1296 3284 1358 3342; x_wconf 80' lang='lat' dir='ltr'><strong>ridi.</strong></span> <span class='ocrx_word' id='word_1_219' title='bbox 1428 3323 1431 3326; x_wconf 87' lang='lat'>-</span> 
     </span>
     <span class='ocr_line' id='line_1_26' title="bbox 328 3389 1361 3471; baseline 0.001 -22"><span class='ocrx_word' id='word_1_220' title='bbox 328 3390 439 3450; x_wconf 85' lang='lat' dir='ltr'><strong>Verum</strong></span> <span class='ocrx_word' id='word_1_221' title='bbox 452 3401 482 3452; x_wconf 88' lang='lat' dir='ltr'><strong>ct</strong></span> <span class='ocrx_word' id='word_1_222' title='bbox 495 3389 544 3452; x_wconf 88' lang='lat' dir='ltr'><strong>hic</strong></span> <span class='ocrx_word' id='word_1_223' title='bbox 562 3389 631 3448; x_wconf 87' lang='lat' dir='ltr'><strong>nihil</strong></span> <span class='ocrx_word' id='word_1_224' title='bbox 644 3409 763 3451; x_wconf 84' lang='lat' dir='ltr'><strong>necesse</strong></span> <span class='ocrx_word' id='word_1_225' title='bbox 775 3392 886 3453; x_wconf 83' lang='lat' dir='ltr'><strong>hebens</strong></span> <span class='ocrx_word' id='word_1_226' title='bbox 903 3391 1066 3464; x_wconf 85' lang='lat' dir='ltr'><strong>concidere,</strong></span> <span class='ocrx_word' id='word_1_227' title='bbox 1081 3404 1112 3453; x_wconf 89' lang='lat' dir='ltr'><strong>et</strong></span> <span class='ocrx_word' id='word_1_228' title='bbox 1121 3392 1244 3471; x_wconf 87' lang='lat' dir='ltr'><strong>primum</strong></span> <span class='ocrx_word' id='word_1_229' title='bbox 1256 3399 1361 3450; x_wconf 75' lang='lat' dir='ltr'><strong>nomm</strong></span> 
     </span>
     <span class='ocr_line' id='line_1_27' title="bbox 329 3491 1361 3576; baseline -0.002 -22"><span class='ocrx_word' id='word_1_230' title='bbox 329 3513 397 3554; x_wconf 82' lang='lat' dir='ltr'><strong>curn</strong></span> <span class='ocrx_word' id='word_1_231' title='bbox 414 3493 557 3573; x_wconf 78' lang='lat' dir='ltr'><strong>corripiat,</strong></span> <span class='ocrx_word' id='word_1_232' title='bbox 571 3513 629 3554; x_wconf 89' lang='lat' dir='ltr'><strong>non</strong></span> <span class='ocrx_word' id='word_1_233' title='bbox 643 3495 740 3573; x_wconf 88' lang='lat' dir='ltr'><strong>potnit</strong></span> <span class='ocrx_word' id='word_1_234' title='bbox 751 3495 850 3556; x_wconf 87' lang='lat' dir='ltr'><strong>sibilus</strong></span> <span class='ocrx_word' id='word_1_235' title='bbox 867 3497 1075 3576; x_wconf 85' lang='lat' dir='ltr'><strong>impedimento</strong></span> <span class='ocrx_word' id='word_1_236' title='bbox 1094 3515 1159 3556; x_wconf 87' lang='lat' dir='ltr'><strong>esse</strong></span> <span class='ocrx_word' id='word_1_237' title='bbox 1171 3494 1203 3553; x_wconf 90' lang='lat' dir='ltr'><strong>in</strong></span> <span class='ocrx_word' id='word_1_238' title='bbox 1215 3494 1266 3552; x_wconf 85' lang='lat' dir='ltr'><strong>illo</strong></span> <span class='ocrx_word' id='word_1_239' title='bbox 1279 3491 1361 3553; x_wconf 81' lang='lat' dir='ltr'><strong>Cesi-</strong></span> 
     </span>
     <span class='ocr_line' id='line_1_28' title="bbox 329 3597 1361 3680; baseline 0 -24"><span class='ocrx_word' id='word_1_240' title='bbox 329 3618 375 3658; x_wconf 87' lang='lat' dir='ltr'><strong>noc</strong></span> <span class='ocrx_word' id='word_1_241' title='bbox 389 3617 484 3671; x_wconf 83' lang='lat' dir='ltr'><strong>versu,</strong></span> <span class='ocrx_word' id='word_1_242' title='bbox 499 3599 568 3678; x_wconf 89' lang='lat' dir='ltr'><strong>quin</strong></span> <span class='ocrx_word' id='word_1_243' title='bbox 581 3600 667 3660; x_wconf 90' lang='lat' dir='ltr'><strong>unico</strong></span> <span class='ocrx_word' id='word_1_244' title='bbox 678 3611 793 3660; x_wconf 84' lang='lat' dir='ltr'><strong>tantum</strong></span> <span class='ocrx_word' id='word_1_245' title='bbox 810 3611 940 3680; x_wconf 86' lang='lat' dir='ltr'><strong>tempore</strong></span> <span class='ocrx_word' id='word_1_246' title='bbox 957 3601 1144 3680; x_wconf 83' lang='lat' dir='ltr'><strong>proferretur.</strong></span> <span class='ocrx_word' id='word_1_247' title='bbox 1156 3600 1267 3660; x_wconf 81' lang='lat' dir='ltr'><strong>fuctum</strong></span> <span class='ocrx_word' id='word_1_248' title='bbox 1285 3597 1361 3658; x_wconf 88' lang='lat' dir='ltr'><strong>enim</strong></span> 
     </span>
     <span class='ocr_line' id='line_1_29' title="bbox 330 3701 1361 3784; baseline -0.004 -18"><span class='ocrx_word' id='word_1_249' title='bbox 330 3712 375 3766; x_wconf 83' lang='lat' dir='ltr'><strong>est</strong></span> <span class='ocrx_word' id='word_1_250' title='bbox 388 3721 427 3766; x_wconf 82' lang='lat' dir='ltr'><strong>ex</strong></span> <span class='ocrx_word' id='word_1_251' title='bbox 441 3721 535 3780; x_wconf 82' lang='lat' dir='ltr'><strong>posse,</strong></span> <span class='ocrx_word' id='word_1_252' title='bbox 551 3703 692 3764; x_wconf 86' lang='lat' dir='ltr'><strong>ettolere.</strong></span> <span class='ocrx_word' id='word_1_253' title='bbox 731 3705 839 3784; x_wconf 90' lang='lat' dir='ltr'><strong>Neque</strong></span> <span class='ocrx_word' id='word_1_254' title='bbox 858 3705 936 3763; x_wconf 89' lang='lat' dir='ltr'><strong>enim</strong></span> <span class='ocrx_word' id='word_1_255' title='bbox 954 3705 1051 3766; x_wconf 82' lang='lat' dir='ltr'><strong>literne</strong></span> <span class='ocrx_word' id='word_1_256' title='bbox 1071 3705 1267 3784; x_wconf 73' lang='lat' dir='ltr'><strong>geminabant,</strong></span> <span class='ocrx_word' id='word_1_257' title='bbox 1281 3701 1361 3782; x_wconf 90' lang='lat' dir='ltr'><strong>quod</strong></span> 
     </span>
     <span class='ocr_line' id='line_1_30' title="bbox 329 3807 1360 3890; baseline -0.006 -18"><span class='ocrx_word' id='word_1_258' title='bbox 329 3809 417 3872; x_wconf 76' lang='lat' dir='ltr'><strong>etim</strong></span> <span class='ocrx_word' id='word_1_259' title='bbox 425 3809 509 3870; x_wconf 82' lang='lat' dir='ltr'><strong>duret</strong></span> <span class='ocrx_word' id='word_1_260' title='bbox 520 3813 549 3868; x_wconf 84' lang='lat' dir='ltr'><strong>in</strong></span> <span class='ocrx_word' id='word_1_261' title='bbox 559 3810 714 3888; x_wconf 75' lang='lat' dir='ltr'><strong>praeterito,</strong></span> <span class='ocrx_word' id='word_1_262' title='bbox 725 3812 820 3869; x_wconf 75' lang='lat' dir='ltr'><strong>tetuli:</strong></span> <span class='ocrx_word' id='word_1_263' title='bbox 841 3821 873 3871; x_wconf 83' lang='lat' dir='ltr'><strong>ct</strong></span> <span class='ocrx_word' id='word_1_264' title='bbox 883 3820 971 3870; x_wconf 78' lang='lat' dir='ltr'><strong>terum</strong></span> <span class='ocrx_word' id='word_1_265' title='bbox 982 3809 1105 3890; x_wconf 88' lang='lat' dir='ltr'><strong>simplici</strong></span> <span class='ocrx_word' id='word_1_266' title='bbox 1113 3809 1257 3869; x_wconf 83' lang='lat' dir='ltr'><strong>elemento</strong></span> <span class='ocrx_word' id='word_1_267' title='bbox 1270 3807 1360 3885; x_wconf 87' lang='lat' dir='ltr'><strong>scrip·</strong></span> 
     </span>
     <span class='ocr_line' id='line_1_31' title="bbox 327 3910 1361 3993; baseline -0.006 -17"><span class='ocrx_word' id='word_1_268' title='bbox 327 3923 388 3976; x_wconf 74' lang='lat' dir='ltr'><strong>tom</strong></span> <span class='ocrx_word' id='word_1_269' title='bbox 401 3912 431 3974; x_wconf 89' lang='lat' dir='ltr'><strong>in</strong></span> <span class='ocrx_word' id='word_1_270' title='bbox 452 3912 530 3972; x_wconf 86' lang='lat' dir='ltr'><strong>libris</strong></span> <span class='ocrx_word' id='word_1_271' title='bbox 551 3931 701 3991; x_wconf 78' lang='lat' dir='ltr'><strong>augurum,</strong></span> <span class='ocrx_word' id='word_1_272' title='bbox 719 3913 763 3973; x_wconf 85' lang='lat' dir='ltr'><strong>nit</strong></span> <span class='ocrx_word' id='word_1_273' title='bbox 779 3915 883 3977; x_wconf 74' lang='lat' dir='ltr'><strong>Varro.</strong></span> <span class='ocrx_word' id='word_1_274' title='bbox 903 3926 935 3975; x_wconf 83' lang='lat' dir='ltr'><strong>et</strong></span> <span class='ocrx_word' id='word_1_275' title='bbox 956 3914 1016 3977; x_wconf 80' lang='lat' dir='ltr'><strong>hoc&#39;</strong></span> <span class='ocrx_word' id='word_1_276' title='bbox 1036 3924 1136 3975; x_wconf 83' lang='lat' dir='ltr'><strong>monot</strong></span> <span class='ocrx_word' id='word_1_277' title='bbox 1156 3933 1213 3973; x_wconf 87' lang='lat' dir='ltr'><strong>nos</strong></span> <span class='ocrx_word' id='word_1_278' title='bbox 1230 3910 1361 3993; x_wconf 87' lang='lat' dir='ltr'><strong>plurimis</strong></span> 
     </span>
     <span class='ocr_line' id='line_1_32' title="bbox 244 4017 1364 4100; baseline -0.006 -19"><span class='ocrx_word' id='word_1_279' title='bbox 244 4071 249 4081; x_wconf 77' lang='grc'>.</span> <span class='ocrx_word' id='word_1_280' title='bbox 327 4017 398 4082; x_wconf 78' lang='lat' dir='ltr'><strong>locis</strong></span> <span class='ocrx_word' id='word_1_281' title='bbox 407 4017 538 4089; x_wconf 85' lang='lat' dir='ltr'><strong>Verrius,</strong></span> <span class='ocrx_word' id='word_1_282' title='bbox 546 4023 666 4098; x_wconf 81' lang='lat' dir='ltr'><strong>ejusque</strong></span> <span class='ocrx_word' id='word_1_283' title='bbox 675 4019 815 4099; x_wconf 77' lang='lat' dir='ltr'><strong>interpres</strong></span> <span class='ocrx_word' id='word_1_284' title='bbox 829 4031 917 4100; x_wconf 84' lang='lat' dir='ltr'><strong>etque</strong></span> <span class='ocrx_word' id='word_1_285' title='bbox 926 4020 1054 4080; x_wconf 79' lang='lat' dir='ltr'><strong>imitator</strong></span> <span class='ocrx_word' id='word_1_286' title='bbox 1063 4021 1176 4080; x_wconf 84' lang='lat' dir='ltr'><strong>Festus.</strong></span> <span class='ocrx_word' id='word_1_287' title='bbox 1217 4019 1364 4078; x_wconf 71' lang='lat' dir='ltr'><strong>Cotomm</strong></span> 
     </span>
     <span class='ocr_line' id='line_1_33' title="bbox 330 4119 1361 4201; baseline -0.006 -15"><span class='ocrx_word' id='word_1_288' title='bbox 330 4121 470 4186; x_wconf 54' lang='lat' dir='ltr'><strong>&amp;neruus</strong></span> <span class='ocrx_word' id='word_1_289' title='bbox 482 4122 590 4182; x_wconf 83' lang='lat' dir='ltr'><strong>utinum</strong></span> <span class='ocrx_word' id='word_1_290' title='bbox 609 4141 673 4190; x_wconf 79' lang='lat' dir='ltr'><strong>enm</strong></span> <span class='ocrx_word' id='word_1_291' title='bbox 696 4143 798 4184; x_wconf 75' lang='lat' dir='ltr'><strong>crurum</strong></span> <span class='ocrx_word' id='word_1_292' title='bbox 810 4125 899 4185; x_wconf 83' lang='lat' dir='ltr'><strong>aliurn</strong></span> <span class='ocrx_word' id='word_1_293' title='bbox 919 4126 950 4183; x_wconf 89' lang='lat' dir='ltr'><strong>in</strong></span> <span class='ocrx_word' id='word_1_294' title='bbox 968 4143 1083 4190; x_wconf 83' lang='lat' dir='ltr'><strong>vorsum</strong></span> <span class='ocrx_word' id='word_1_295' title='bbox 1102 4122 1304 4201; x_wconf 69' lang='lat' dir='ltr'><strong>transtulisset,</strong></span> <span class='ocrx_word' id='word_1_296' title='bbox 1323 4119 1361 4180; x_wconf 83' lang='lat' dir='ltr'><strong>sd</strong></span> 
     </span>
    </p>
   </div>
   <div class='ocr_carea' id='block_1_5' title="bbox 224 4225 1364 4308">
    <p class='ocr_par' dir='ltr' id='par_1_5' title="bbox 224 4225 1364 4308">
     <span class='ocr_line' id='line_1_34' title="bbox 224 4225 1364 4308; baseline -0.004 -19"><span class='ocrx_word' id='word_1_297' title='bbox 224 4235 228 4242; x_wconf 84' lang='lat'>&#39;</span> <span class='ocrx_word' id='word_1_298' title='bbox 330 4243 437 4288; x_wconf 74' lang='lat' dir='ltr'><strong>nomen</strong></span> <span class='ocrx_word' id='word_1_299' title='bbox 448 4226 515 4298; x_wconf 84' lang='lat' dir='ltr'><strong>hoc,</strong></span> <span class='ocrx_word' id='word_1_300' title='bbox 531 4227 656 4303; x_wconf 75' lang='lat' dir='ltr'><strong>periculo</strong></span> <span class='ocrx_word' id='word_1_301' title='bbox 677 4229 870 4308; x_wconf 75' lang='lat' dir='ltr'><strong>potiusquam</strong></span> <span class='ocrx_word' id='word_1_302' title='bbox 881 4229 997 4289; x_wconf 83' lang='lat' dir='ltr'><strong>tolleret</strong></span> <span class='ocrx_word' id='word_1_303' title='bbox 1018 4247 1132 4288; x_wconf 86' lang='lat' dir='ltr'><strong>omnem</strong></span> <span class='ocrx_word' id='word_1_304' title='bbox 1144 4227 1286 4289; x_wconf 72' lang='lat' dir='ltr'><strong>sermonis</strong></span> <span class='ocrx_word' id='word_1_305' title='bbox 1304 4225 1364 4285; x_wconf 83' lang='lat' dir='ltr'><strong>cle·</strong></span> 
     </span>
    </p>
   </div>
   <div class='ocr_carea' id='block_1_6' title="bbox 330 4328 1364 4515">
    <p class='ocr_par' dir='ltr' id='par_1_6' title="bbox 330 4328 1364 4515">
     <span class='ocr_line' id='line_1_35' title="bbox 330 4328 1363 4414; baseline 0.001 -24"><span class='ocrx_word' id='word_1_306' title='bbox 330 4328 468 4406; x_wconf 68' lang='lat' dir='ltr'><strong>gundum,</strong></span> <span class='ocrx_word' id='word_1_307' title='bbox 489 4341 576 4410; x_wconf 75' lang='lat' dir='ltr'><strong>erqno</strong></span> <span class='ocrx_word' id='word_1_308' title='bbox 598 4333 672 4397; x_wconf 73' lang='lat' dir='ltr'><strong>adeo</strong></span> <span class='ocrx_word' id='word_1_309' title='bbox 694 4332 894 4394; x_wconf 83' lang='lat' dir='ltr'><strong>Atticismnm:</strong></span> <span class='ocrx_word' id='word_1_310' title='bbox 915 4334 1023 4414; x_wconf 82' lang='lat' dir='ltr'><strong>quippe</strong></span> <span class='ocrx_word' id='word_1_311' title='bbox 1039 4353 1211 4413; x_wconf 85' lang='lat' dir='ltr'><strong>pronomen,</strong></span> <span class='ocrx_word' id='word_1_312' title='bbox 1235 4335 1293 4402; x_wconf 78' lang='lat' dir='ltr'><strong>loc,</strong></span> <span class='ocrx_word' id='word_1_313' title='bbox 1316 4341 1363 4391; x_wconf 79' lang='lat' dir='ltr'><strong>est</strong></span> 
     </span>
     <span class='ocr_line' id='line_1_36' title="bbox 330 4435 1364 4515; baseline 0 -21"><span class='ocrx_word' id='word_1_314' title='bbox 330 4435 653 4496; x_wconf 72' lang='lat' dir='ltr'><strong>smemersndriain</strong></span> <span class='ocrx_word' id='word_1_315' title='bbox 672 4438 728 4496; x_wconf 81' lang='lat' dir='ltr'><strong>eine</strong></span> <span class='ocrx_word' id='word_1_316' title='bbox 747 4439 819 4497; x_wconf 75' lang='lat' dir='ltr'><strong>omni</strong></span> <span class='ocrx_word' id='word_1_317' title='bbox 833 4440 964 4515; x_wconf 78' lang='lat' dir='ltr'><strong>periculo.</strong></span> <span class='ocrx_word' id='word_1_318' title='bbox 985 4459 1047 4498; x_wconf 72' lang='lat' dir='ltr'><strong>m</strong></span> <span class='ocrx_word' id='word_1_319' title='bbox 1066 4439 1146 4499; x_wconf 75' lang='lat' dir='ltr'><strong>docco</strong></span> <span class='ocrx_word' id='word_1_320' title='bbox 1163 4439 1236 4496; x_wconf 77' lang='lat' dir='ltr'><strong>lond</strong></span> <span class='ocrx_word' id='word_1_321' title='bbox 1257 4436 1364 4495; x_wconf 61' lang='grc' dir='ltr'><strong>Μὶν»</strong></span> 
     </span>
    </p>
   </div>
   <div class='ocr_carea' id='block_1_7' title="bbox 331 4537 1362 4624">
    <p class='ocr_par' dir='ltr' id='par_1_7' title="bbox 331 4537 1362 4624">
     <span class='ocr_line' id='line_1_37' title="bbox 331 4537 1362 4624; baseline -0.001 -17"><span class='ocrx_word' id='word_1_322' title='bbox 331 4547 384 4610; x_wconf 64' lang='lat'><strong>⁰²»</strong></span> <span class='ocrx_word' id='word_1_323' title='bbox 397 4539 461 4616; x_wconf 62' lang='grc' dir='ltr'><em>Μ</em></span> <span class='ocrx_word' id='word_1_324' title='bbox 483 4537 617 4606; x_wconf 61' lang='lat' dir='ltr'><strong>ebrum</strong></span> <span class='ocrx_word' id='word_1_325' title='bbox 658 4543 822 4606; x_wconf 79' lang='lat' dir='ltr'><strong>Proescrtim</strong></span> <span class='ocrx_word' id='word_1_326' title='bbox 842 4564 909 4604; x_wconf 84' lang='lat' dir='ltr'><strong>cnm</strong></span> <span class='ocrx_word' id='word_1_327' title='bbox 926 4554 1086 4624; x_wconf 66' lang='lat' dir='ltr'><strong>anspertus</strong></span> <span class='ocrx_word' id='word_1_328' title='bbox 1106 4565 1172 4605; x_wconf 81' lang='lat' dir='ltr'><strong>esse</strong></span> <span class='ocrx_word' id='word_1_329' title='bbox 1193 4539 1362 4623; x_wconf 63' lang='lat' dir='ltr'><strong>persentio</strong></span> 
     </span>
    </p>
   </div>
   <div class='ocr_carea' id='block_1_8' title="bbox 0 0 1665 5575">
    <p class='ocr_par' dir='ltr' id='par_1_8' title="bbox 0 0 1665 5575">
     <span class='ocr_line' id='line_1_38' title="bbox 0 0 1665 5575; baseline 0 0"><span class='ocrx_word' id='word_1_330' title='bbox 0 0 1665 5575; x_wconf 95' lang='lat' dir='ltr'><strong> </strong></span> 
     </span>
    </p>
   </div>
  </div>
 </body>
</html>
