3292 5575
315 716 386 803 uu·
468 697 793 777 'solemnius
830 679 1155 775 consulatus

317 900 415 979 Atque
426 898 524 959 ferunt
539 894 662 977 Eupolin
676 897 705 955 in
715 897 787 955 mari
801 896 991 963 submersum,
1002 894 1039 952 ab
1057 892 1093 951 iis
1111 910 1183 971 quos
1197 889 1356 950 maledictis

316 1003 449 1064 laesisset·
469 1003 546 1061 Tum
559 1002 645 1081 igitur
663 1001 869 1081 tragoedierum
886 1001 949 1059 sere
960 1008 1133 1077 argumenta
1146 995 1311 1056 detulerunt
1327 995 1356 1053 in

317 1127 445 1179 scenam,
459 1115 575 1166 retexta
588 1106 626 1165 ad
635 1106 787 1167 ridiculum
801 1106 936 1165 modum:
950 1106 1046 1184 deque
1062 1105 1120 1165 hoc
1133 1122 1242 1181 genere
1251 1102 1356 1189 clrorus

316 1211 456 1292 paulatim
470 1210 604 1271 deduxit.
626 1209 662 1269 lu
675 1230 733 1291 quo
743 1230 804 1289 proe
818 1212 932 1271 caeteris
943 1211 1040 1271 clarus
1053 1209 1108 1269 fuit
1122 1209 1208 1269 Plato
1218 1207 1356 1267 comicus·

318 1316 406 1375 Hanc
420 1326 523 1375 secuta
532 1326 577 1375 est
587 1335 661 1376 nova
676 1315 828 1387 comoedia,
847 1316 877 1374 in
891 1336 949 1395 qua
958 1314 1065 1395 primas
1074 1314 1167 1376 tenuit
1178 1312 1356 1384 Menander,

316 1419 447 1505 potiente
465 1439 560 1479 rerum
582 1418 752 1479 Alexandro
766 1438 887 1497 magno:
915 1430 1003 1499 atque
1022 1421 1086 1478 hoec
1100 1418 1220 1478 chorum
1239 1414 1356 1475 omnino

318 1544 378 1587 non
391 1524 491 1597 habet,
505 1524 559 1585 sed
572 1538 674 1585 ornatu
684 1526 764 1585 vario
773 1535 804 1585 et
814 1523 968 1604 multiplici
978 1542 1167 1603 personarum
1176 1520 1295 1599 insignis
1304 1529 1358 1578 est.

317 1630 415 1710 Atque
428 1630 494 1693 luee
514 1628 670 1691 indicanda
695 1628 821 1689 breviter
835 1638 865 1687 et
887 1628 1010 1687 strictim
1034 1627 1144 1707 putavi,
1164 1626 1203 1687 de
1223 1624 1308 1683 initiis
1322 1642 1359 1684 ac

317 1732 565 1817 progressionibus
589 1734 739 1795 comoedise
762 1734 841 1813 apud
857 1726 992 1794 ‘Grecos
1015 1733 1101 1813 Apud
1116 1730 1237 1791 Latinos
1249 1740 1358 1799 autem,

317 1838 449 1899 scenicos
463 1838 545 1899 ludos
559 1836 703 1899 institutos
716 1836 806 1899 fuisse
821 1840 857 1900 C.
872 1839 918 1898 vel
931 1852 965 1899 ιιι
983 1840 1060 1912 aiibi,
1081 1840 1117 1899 T.
1133 1838 1255 1918 Sulpitio
1269 1836 1358 1896 Baeti·

316 1962 353 2005 ιο
367 1944 424 2021 (ver
435 1954 467 2003 ur
478 1942 557 2014 auu,
572 1944 684 2014 reuco,
697 1943 766 2003 uisi
777 1944 893 2020 nosco)
907 1924 1358 2005 c.1,i>rnust010necoes.n0·

316 2048 388 2109 tavit
404 2048 555 2122 Valerius:
570 2059 601 2109 et
620 2049 758 2128 paulatim
772 2050 913 2109 ludicram
927 2061 1018 2111 artem
1033 2052 1071 2110 ad
1081 2061 1240 2131 satyrarum
1257 2049 1359 2108 modos

317 2151 493 2232 perrexisse,
507 2152 643 2231 aquibus
663 2155 772 2233 primus
786 2154 914 2214 omnium
927 2169 1016 2235 poeta
1026 2157 1126 2217 Liuius
1143 2136 1358 2216 ad'fabularurn

316 2268 489 2334 argumente
498 2256 692 2337 spectantium
706 2260 806 2319 oculos
817 2270 848 2319 et
862 2260 971 2321 animos
981 2258 1170 2323 transtulerit.
1180 2243 1298 2319 ⁶Cicero
1307 2278 1357 2317 au-

318 2370 379 2423 tem
402 2362 522 2442 scripsit,
544 2363 659 2423 Livium
681 2364 802 2444 primum
824 2367 952 2427 omnium
975 2366 1104 2424 fabulam
1128 2364 1253 2433 dedisse,
1277 2361 1359 2422 annis

317 2465 381 2527 i'ere
393 2466 542 2528 CCCCX.
552 2477 620 2548 post
629 2468 751 2529 Romam
765 2470 928 2531 conditam:
940 2470 1023 2529 fuere
1034 2452 1135 2529 autem
1148 2468 1287 2527 celebrati
1300 2466 1359 2547 pri·

318 2582 399 2637 mum
407 2571 468 2631 ludi
480 2571 604 2631 Romani
617 2584 732 2653 petrum
743 2583 773 2631 et
783 2574 921 2652 equitum,
933 2574 983 2654 qui
993 2586 1023 2633 et
1033 2574 1140 2651 magni,
1155 2573 1297 2633 ludicrum
1306 2592 1358 2631 au-

318 2686 379 2737 tem
393 2676 461 2756 equi
474 2686 504 2738 et
520 2676 644 2757 pugiles,
667 2687 700 2737 ut
721 2677 820 2737 Livius
840 2690 990 2749 memorat,
1012 2662 1067 2736 liu'
1079 2678 1104 2736 1.
1119 2660 1167 2757 qui
1182 2689 1213 2737 et
1224 2678 1358 2736 ludorum

318 2780 499 2866 plebeiorum
513 2780 689 2842 mentionem
702 2782 773 2842 fecit
787 2783 837 2842 lib.
848 2782 996 2842 XXVlll.
1009 2782 1092 2859 Idem
1106 2782 1206 2844 Livius
1219 2803 1277 2862 quo
1286 2797 1359 2842 tem·

303 2907 391 2968 ·pore
404 2900 436 2948 et
450 2907 508 2966 qua
522 2885 560 2946 de
574 2905 663 2970 causa
682 2887 803 2946 instituti
816 2899 848 2946 et
868 2887 928 2946 ludi
948 2888 1056 2948 scenici
1079 2887 1148 2946 dicti
1161 2889 1229 2958 sint,
1242 2887 1359 2965 copiose

207 2997 211 3016 ¹
319 2993 424 3054 eadem
437 3012 504 3072 quoe
526 2991 672 3062 Valerius,
694 2991 793 3051 retulit
816 2993 866 3052 lib.
886 2993 956 3051 Vll.
979 2993 1067 3059 Quod
1088 3003 1202 3071 tempus
1224 3003 1269 3050 est
1281 2990 1359 3049 urbis

319 3096 437 3158 circiter
449 3095 584 3158 ccc1x.
607 3095 690 3176 lderu
701 3105 798 3156 tumen
808 3094 857 3154 lib.
870 3095 1012 3154 XXXVI.
1021 3095 1143 3175 scripsit,
1153 3097 1191 3155 ob
1200 3091 1359 3154 dedicatio.

317 3221 388 3284 nem
401 3200 471 3262 sedis
485 3200 582 3262 matris
595 3196 709 3280 magum
728 3200 836 3279 primos
850 3201 934 3262 ludos
953 3201 1083 3260 scenicos
1096 3202 1198 3273 iactos,
1210 3199 1357 3260 Valerium

319 3307 471 3370 Antiatem
483 3325 549 3368 esse
562 3317 704 3376 sutorem,
718 3305 882 3384 Megalesia
895 3306 1064 3385 appellatos,
1079 3307 1160 3385 quod
1172 3317 1287 3381 tempus
1301 3307 1358 3366 dis·

317 3423 394 3474 tat-a
406 3411 502 3496 priore
515 3409 599 3471 anuis
610 3409 740 3490 pluribus
761 3405 883 3489 CLXV.
905 3413 1010 3474 Cicero
1031 3412 1145 3471 Livium
1164 3413 1292 3472 fabulam
1306 3413 1359 3472 do-

317 3517 425 3590 cuisse,
437 3528 469 3577 nt
482 3517 642 3586 retulimus,
653 3517 813 3602 scripsitin
826 3519 924 3601 Bruto,
943 3528 974 3576 et
994 3518 1086 3596 prima
1101 3517 1182 3575 Ture.
1196 3517 1319 3576 Claudio
1329 3527 1361 3574 et

319 3623 466 3684 Tuditano
489 3623 572 3684 con.
602 3641 678 3684 auno
699 3615 782 3690 Um.
800 3617 949 3686 CCCCX.
978 3624 1049 3683 Hoc
1071 3623 1184 3683 Gellius
1209 3624 1309 3684 retulit
1330 3624 1361 3682 in

319 3748 428 3790 aunum
449 3729 518 3787 DX.
537 3727 662 3808 ideoque
680 3727 763 3789 luere
784 3729 833 3807 qui
856 3729 935 3814 apud
949 3729 1123 3789 Ciceronem
1146 3747 1281 3786 numeros
1300 3747 1364 3787 mu·

317 3836 422 3896 tendos
431 3843 594 3896 censerent.
615 3835 705 3902 Quod
715 3833 796 3893 nobis
810 3834 874 3908 fieri
888 3845 1022 3910 oportere
1034 3853 1093 3891 non
1107 3830 1227 3902 videtur,
1237 3851 1303 3892 cum
1318 3831 1360 3910 ip-

317 3958 351 4000 se
366 3939 473 4002 Cicero
486 3938 604 4012 indicet,
624 3939 695 4000 alios
708 3938 774 3999 hoec
784 3931 1049 4016 aliterssexposuisse
1068 3947 1099 3996 et
1111 3957 1157 3995 res
1171 3937 1229 3995 sint
1238 3935 1361 4015 inexpli-

318 4046 450 4106 cabiliter
461 4045 600 4105 confusae.
625 4041 685 4106 Sed
697 4055 849 4124 postquam
864 4061 1039 4120 componere
1050 4040 1164 4100 fabulas
1174 4052 1360 4119 argumento-

317 4167 364 4210 sas
384 4161 479 4228 poete
493 4151 591 4211 Latini
601 4161 767 4230 coeperuut,
786 4159 943 4226 sequentes
965 4157 995 4207 et
1017 4158 1165 4206 vertentes
1187 4145 1361 4206 Graecorum
1407 4220 1410 4224 Α
1452 4177 1459 4193 ·

317 4253 435 4332 scripta,
455 4254 485 4313 in
503 4255 562 4316 hoc
573 4274 683 4334 genere
697 4273 802 4332 magna
819 4253 940 4314 licentia
958 4252 1003 4310 usi
1017 4253 1142 4311 fuerunt.
1172 4249 1247 4310 Cum
1266 4260 1362 4324 autem

317 4368 417 4417 esseut
430 4357 599 4418 Latinorum
613 4358 729 4440 propria
742 4357 877 4436 quedam
887 4368 1032 4436 poemata,
1044 4367 1077 4416 ut
1090 4356 1304 4423 Atellauornm,
1318 4353 1362 4410 ri·

317 4460 424 4520 untur
436 4441 690 4524 lucraremur&
707 4460 738 4521 u
758 4460 871 4521 orsos
893 4473 925 4520 et
938 4460 1052 4521 nnana
1072 4457 1248 4539 mensa
1265 4469 1363 4536 pec
1437 4493 1443 4505 .

315 4561 425 4640 Larini,
439 4585 498 4627 non
517 4577 576 4626 tam
590 4551 776 4650 suga-laboris
790 4575 821 4627 et
834 4565 992 4646 cupiditate
1006 4563 1115 4626 edendi
1136 4583 1201 4638 eus,
1219 4574 1252 4624 ut
1262 4563 1360 4624 Hora·
