3292 5575
428 696 492 757 DE
523 694 724 759 COMICIS
756 692 1160 759 DlMENSIONIBUS.
1279 698 1321 759 ti·

290 894 473 936 morameno:
488 876 668 953 confiteretur?
687 898 722 937 aa
732 880 847 951 obsecro,
856 880 1128 939 blucinimiciniet:
1148 898 1235 959 quam
1243 880 1322 959 qnod

289 980 395 1060 legitur
405 981 441 1039 ab
457 980 579 1039 Eraamo
593 992 624 1041 ει
637 974 718 1061 ahie:
738 987 863 1060 confitere
876 994 951 1041 tuom
960 1005 1015 1043 non
1027 990 1102 1041 care?
1121 986 1156 1043 oh
1166 986 1272 1044 obsecro
1284 992 1321 1057 te,

289 1086 499 1145 isthuciaimici:
509 1087 569 1145 sict.
591 1086 775 1165 splendidior
785 1100 831 1147 eet
840 1090 932 1149 oratio
941 1090 1063 1169 repetita
1072 1090 1227 1169 negatione
1236 1108 1322 1148 mnan

289 1209 346 1249 non
359 1190 471 1249 verbio:
494 1200 524 1249 ει
535 1210 656 1253 necesse
670 1204 715 1252 εει
727 1192 768 1252 ita
780 1193 849 1273 legi,
864 1196 999 1273 quoniam
1012 1195 1212 1274 precedente:
1225 1213 1323 1253 verona

289 1294 338 1353 hic
358 1293 534 1355 concinnat:
561 1316 633 1375 quoe
646 1316 746 1357 veraua
766 1308 825 1357 tam
840 1299 979 1373 Bembua,
993 1318 1079 1378 quam
1091 1300 1228 1359 Eraamua
1245 1298 1321 1359 male

292 1398 426 1478 disponit·
471 1398 598 1463 Bemhua
611 1401 653 1461 :ic
665 1422 672 1461 :
693 1402 826 1461 :abditum
837 1424 867 1461 :e
879 1406 1041 1480 mepicotor.
1054 1404 1206 1462 subditum?
1224 1404 1277 1462 «ἐπ’
1290 1411 1323 1461 ιιι

290 1516 368 1567 certe.
378 1507 422 1565 :ic
436 1507 489 1565 erit
501 1508 537 1565 mi
556 1507 608 1565 vir.
650 1504 786 1565 Eraamua
800 1505 860 1567 aio:
879 1508 1013 1566 ealdhun:
1025 1528 1054 1566 :e
1068 1509 1221 1583 mpicotur
1232 1507 1322 1565 wtti-

291 1622 367 1670 tom?
387 1612 440 1670 oia’
456 1620 507 1671 tu?
530 1619 602 1670 certe
614 1613 720 1687 inquam
736 1612 772 1668 mi
790 1613 842 1670 nir.
883 1610 993 1669 Verum
1013 1622 1143 1690 uterque·
1151 1610 1265 1689 longior
1276 1621 1323 1671 eat

290 1716 474 1777 Eraamianue
483 1735 541 1775 una
550 1714 677 1795 syllaba:
694 1715 768 1775 alter
778 1726 876 1775 autem
886 1715 973 1775 etiam
983 1714 1122 1794 pluribus.
1132 1733 1221 1793 qnare
1229 1714 1271 1774 ita
1280 1714 1322 1774 le·

289 1824 375 1902 gandi
385 1833 461 1893 aunt,
469 1832 502 1881 ut
514 1822 572 1879 aiut
582 1820 719 1880 trochaici
730 1820 869 1879 octonarii
882 1818 1063 1879 catalectici:
1082 1820 1214 1879 :obditam
1223 1840 1251 1877 ee
1263 1840 1322 1878 tatt-

285 1928 403 2004 picotur:
417 1928 571 1986 tabditmt
591 1927 645 1985 εἰμ’
654 1935 703 1987 tu?
722 1934 793 1985 certe
806 1927 923 2003 inquom.
957 1924 1005 1983 Mi
1014 1927 1066 1983 uir.
1079 1926 1204 2001 confitere
1216 1934 1268 1984 ta?
1286 1944 1324 1983 oa

289 2034 402 2102 obrem,
421 2034 509 2091 utho:
521 2032 635 2090 tmen
646 2032 706 2089 ciet.
748 2030 900 2091 siceum
916 2049 956 2089 ex
970 2029 1124 2109 Adelphis,
1143 2029 1198 2089 illia
1211 2029 1322 2089 duoboa

287 2136 423 2209 versibua,
434 2146 536 2197 neuter
545 2144 591 2195 eat
600 2134 772 2197 audiendus.
792 2135 896 2197 Bembi
909 2135 1003 2195 codex
1016 2135 1072 2195 aic:
1087 2136 1191 2195 obsecro
1204 2156 1262 2194 areo
1274 2156 1323 2195 aa·

235 2312 238 2321 Ι
288 2242 352 2311 tria,
361 2240 580 2317 quidauacfiett
599 2240 722 2316 quidfiet
732 2260 832 2317 rogae:
845 2240 931 2298 Recte
937 2240 1037 2317 edepol
1044 2259 1129 2316 spero.
1137 2241 1213 2299 modo
1222 2241 1324 2299 doloret

287 2364 344 2405 meo
354 2354 384 2403 tu
394 2345 528 2421 occipiunt
535 2344 687 2420 pertulum.
717 2342 855 2403 Erasmus
864 2344 921 2403 ric:
935 2346 1040 2404 otnero
1048 2364 1107 2405 mo
1117 2352 1150 2403 ta
1157 2346 1251 2403 aetna
1259 2346 1326 2423 qaid

287 2449 432 2523 antestet?
452 2446 686 2524 qaidstetrogoe?
705 2455 786 2506 recte.
811 2446 892 2526 Ergo
900 2447 1037 2509 Eraamm
1047 2448 1122 2508 male
1135 2449 1262 2509 collocat
1271 2448 1323 2509 ad·

287 2552 425 2623 veroium,
440 2559 531 2610 recte:
551 2550 677 2611 bembus
690 2550 765 2609 male
775 2550 882 2610 omittit
890 2570 1061 2633 pronomen,
1071 2564 1119 2613 tu:
1139 2562 1172 2613 ht
1184 2552 1324 2629 aintjam·

287 2656 344 2715 bici
355 2654 496 2735 quadrati.
521 2654 598 2713 Haec
608 2654 726 2733 quidem
736 2654 890 2714 manifesta
899 2655 997 2727 lectio,
1006 2656 1324 2734 atillaambigua‚utra

287 2758 407 2840 probior
416 2758 474 2840 ait?
513 2756 550 2817 In
564 2757 896 2820 Heautontimorumeno
909 2770 992 2820 vetus
1004 2760 1152 2841 exemplar
1160 2762 1203 2823 aio
1216 2762 1323 2824 habet:

288 2865 413 2924 necin
422 2872 482 2922 erat
492 2881 592 2940 equiem
601 2882 634 2920 er
647 2864 718 2921 illitu
728 2883 809 2935 more,
818 2884 854 2922 oa
862 2865 937 2922 illem
945 2885 978 2924 a:
987 2867 1068 2947 lejto
1080 2867 1186 2926 υἰυινει
1205 2878 1232 2928 et
1243 2869 1325 2937 Quod

286 2969 358 3026 illron
365 2969 500 3027 insimulat
508 2967 707 3036 domiduca
717 2975 757 3024 eat
766 2971 1088 3049 uompmentemby'orioe
1095 2971 1323 3034 Unimmodimat

279 3072 389 3150 seme:
404 3073 488 3149 poulo
499 3072 545 3149 qui
558 3080 598 3130 ert
611 3071 685 3130 domo
695 3071 849 3133 tolerabilis.
885 3072 1009 3134 Scortari
1017 3077 1109 3136 crebro
1118 3079 1220 3149 nolum,
1229 3080 1322 3138 uolut

287 3179 378 3236 crebro
392 3177 567 3236 conoiocrim
605 3176 733 3236 Bembua
747 3188 779 3235 et
791 3176 900 3256 aliquot
912 3180 1011 3239 eximit
1022 3182 1121 3253 rerba,
1135 3194 1167 3242 et
1178 3183 1234 3243 alia
1247 3185 1322 3244 serie

288 3282 401 3361 digeret
413 3299 558 3340 numeros.
597 3281 738 3340 Hunccine
751 3291 810 3340 erat
823 3301 925 3360 equum
936 3304 969 3342 ec
980 3286 1054 3344 illio:
1066 3306 1147 3359 more,
1156 3307 1192 3346 on
1203 3288 1276 3346 illem
1289 3307 1323 3347 ea

288 3389 366 3467 hojo:
379 3389 487 3448 uiuae-⁷
506 3389 546 3446 Et
556 3389 627 3464 quod
637 3389 709 3446 illwa
721 3389 859 3447 immutat
870 3391 975 3463 dorma,
987 3393 1081 3451 iduor:
1094 3400 1144 3451 eet.
1183 3393 1260 3451 Nota
1268 3413 1321 3470 po·

286 3505 388 3555 rentur
395 3497 511 3573 injurie,
526 3496 672 3554 onimmoda'
683 3494 852 3576 matjam.
878 3493 1003 3554 Scortari
1014 3497 1107 3554 crebro
1119 3498 1220 3568 nolant,
1229 3499 1320 3558 odeat
1393 3491 1398 3500 ⁸

288 3601 463 3658 conmonier.
498 3599 558 3658 Sed
571 3618 707 3658 numeros
717 3599 822 3658 obterit
832 3598 969 3668 Bembua,
985 3609 1089 3677 quarto
1098 3617 1199 3659 veron:
1219 3600 1320 3681 inquo

288 3716 319 3764 et
331 3706 490 3764 trochaeum
503 3704 631 3764 inveniat
644 3705 730 3764 tertia
742 3704 824 3776 aede,
838 3714 869 3763 et
878 3705 1008 3783 jambum
1020 3713 1117 3764 sexta:
1140 3724 1229 3783 quare
1242 3725 1321 3766 erro·

286 3831 347 3870 rem
366 3812 484 3872 aubeaae
496 3792 616 3872 necatae
631 3821 685 3884 eat,
699 3821 729 3870 et
741 3809 894 3870 confundit
904 3827 1040 3868 veranum
1052 3818 1114 3865 tum
1126 3828 1244 3887 genera,
1258 3819 1321 3868 tum

286 3918 468 3996 quantitates.
502 3917 611 3976 Nostra
620 3927 717 3976 autern
729 3915 819 3976 lectio
832 3915 935 3974 horum
947 3913 1034 3973 nihil:
1054 3913 1108 3972 aed
1119 3915 1247 3994 asperior
1258 3914 1321 3974 rita

286 4035 330 4083 eat
341 4023 372 4082 in
385 4023 547 4083 sententia:
567 4041 633 4081 cum
643 4031 741 4081 tamen
750 4040 808 4081 non
820 4021 868 4082 ait.
878 4038 947 4080 nam
958 4019 1001 4078 ita
1013 4017 1101 4078 dicit:
1121 4027 1219 4096 patrea
1231 4015 1319 4076 duro:

287 4127 354 4186 nihil
375 4128 523 4188 remittere
543 4127 581 4186 de
598 4125 730 4206 imperio,
751 4125 830 4205 quod
850 4133 1009 4186 exerceant
1026 4124 1057 4187 in
1076 4122 1202 4181 liberoa:
1223 4121 1320 4182 omnia

287 4231 372 4292 animi
389 4234 554 4293 laxamenta
573 4231 733 4311 prohibere.
748 4240 778 4289 at
792 4228 842 4309 qui
855 4229 941 4308 paulo
954 4238 999 4287 eat
1017 4224 1202 4295 tolerabilior,
1223 4225 1320 4304 aliqua

287 4335 501 4415 aanepatiatur:
522 4334 575 4394 aed
584 4354 643 4394 non
654 4335 758 4394 crebro
768 4353 805 4392 ea
817 4332 891 4392 fieri.
922 4329 1051 4390 Mutavit
1059 4339 1159 4404 autem
1167 4348 1318 4388 numerum

288 4440 438 4498 verborum
453 4438 619 4511 Terentius,
633 4457 699 4497 cum
714 4439 743 4496 in
752 4434 894 4524 ¹aingulari
907 4433 988 4506 dixit,
1004 4435 1088 4510 poulo
1100 4433 1147 4510 qui
1159 4442 1200 4491 eet
1220 4434 1317 4492 tolera·

288 4542 345 4601 bib:
359 4544 501 4606 debuerat
518 4543 651 4618 subdere,
671 4563 723 4604 oon
742 4541 800 4616 vult
819 4542 911 4601 crebro
928 4539 1044 4615 :conari
1063 4539 1157 4596 libero:
1172 4557 1243 4608 tuot,
1265 4556 1317 4596 Μ
