3292 5575
324 678 392 739 xiv*
506 679 567 738 EX
596 680 802 743 ERASMO
837 684 1196 746 ROTERODAMO.

324 874 386 922 tum
405 870 516 923 mutato
534 860 695 922 dictionum
714 864 828 924 ordine.
869 864 989 924 Etenim
1009 864 1095 924 sisic
1112 864 1207 944 legas,
1225 873 1373 928 ettamen

323 989 371 1028 res
390 968 472 1049 cogit
490 966 649 1049 denegare,
664 970 702 1029 ibi
721 979 778 1029 tom
798 992 889 1029 comm
905 971 1134 1047 impudentdrimo
1151 970 1241 1029 oratio
1253 978 1295 1029 cot
1306 979 1371 1028 :ut

322 1075 464 1153 posterior
472 1066 572 1135 versus
585 1075 716 1155 excipiat
728 1075 929 1157 synaloepham
943 1076 1058 1156 prioris,
1069 1094 1188 1137 carmen
1199 1075 1293 1155 probe
1302 1092 1371 1133 cou-

324 1190 390 1239 stat.
432 1180 560 1253 Quidam
573 1192 672 1241 tamen
685 1180 797 1241 malunt
808 1181 857 1241 hic
868 1201 933 1241 esse
941 1181 1087 1242 trimetros
1098 1180 1279 1241 Trochaicos
1290 1188 1373 1239 cata·

322 1286 453 1347 lecticos.
494 1288 621 1347 Jambici
634 1286 754 1347 trimetri
773 1286 886 1348 facilior
899 1297 944 1347 est
961 1286 1112 1361 dimensio,
1127 1306 1194 1346 cum
1207 1284 1371 1366 penthemi-

323 1394 410 1453 meris
430 1392 493 1453 unit
506 1393 675 1453 dictionem.
715 1393 816 1465 Velut,
832 1396 953 1471 effertur,
971 1394 1050 1453 imas.
1090 1394 1132 1453 Et
1150 1395 1189 1452 sic
1210 1392 1372 1470 cogitabam·

325 1494 476 1557 Difficilior
490 1516 557 1557 cum
571 1508 690 1558 contra:
711 1508 754 1570 ut,
769 1500 880 1558 lonasto
898 1508 925 1558 et
943 1499 1067 1558 liberali:
1088 1501 1185 1559 accedo
1205 1499 1242 1557 od
1254 1496 1373 1574 perine-

324 1624 411 1681 quor:
440 1602 471 1661 in
496 1604 527 1661 be
550 1622 665 1664 caesura
687 1600 742 1663 est.
795 1602 881 1662 Idem
896 1601 1026 1662 efficiunt
1044 1605 1154 1664 crebrae
1173 1602 1371 1683 synaloephae:

323 1717 357 1766 ut
368 1706 418 1778 ihi,
434 1727 492 1785 qooe
504 1708 543 1767 ibi
556 1709 678 1779 aderunt,
683 1706 766 1786 sorte
779 1728 859 1766 uuam
872 1710 972 1784 aspicio
984 1709 1217 1768 Mokscerttulom.

364 1814 400 1873 ln
412 1812 588 1873 tetrametris
601 1812 671 1872 item
682 1811 815 1890 iambicis
825 1814 862 1871 ac
873 1812 1042 1873 Trochaicis
1056 1813 1155 1872 durim
1164 1824 1211 1873 est
1221 1812 1372 1886 dimensio,

323 1919 346 1979 si
357 1912 434 1999 prior
448 1919 571 1981 dimeter
584 1936 643 1977 non
657 1916 739 1975 finiat
749 1915 915 1993 dictionem,
926 1917 1085 1996 presertim
1094 1918 1119 1979 si
1131 1937 1191 1979 uon
1199 1918 1238 1979 sit
1246 1919 1374 1997 jambus,

324 2033 375 2083 aut
387 2024 411 2082 si
425 2023 551 2083 accedat
565 2020 750 2101 synaloephe:
772 2032 816 2093 ut,
830 2020 926 2080 Meum
936 2031 1052 2101 pmcn:
1064 2044 1157 2083 rumor
1168 2033 1211 2083 cst
1223 2045 1323 2086 amore.
1344 2025 1375 2082 id

320 2117 439 2206 populus
449 2138 528 2188 carot
539 2106 650 2187 adhort.

365 2234 449 2293 Prior
463 2234 587 2293 dimeter
598 2232 696 2293 linitur
710 2232 739 2291 in
752 2252 805 2304 mc,
817 2234 958 2314 syllohom
972 2237 1164 2316 productam:
1185 2248 1217 2298 et
1229 2238 1373 2318 excipitur

324 2339 527 2419 asynaloephs
542 2360 572 2399 ra
585 2340 623 2398 id.
655 2340 768 2399 Rursus
785 2338 906 2400 ibidem.
938 2340 994 2409 Qui
1008 2353 1072 2419 past
1085 2364 1164 2421 mom
1184 2344 1308 2402 audierat
1321 2363 1374 2401 oon

324 2448 416 2505 dotum
426 2447 535 2517 iri,&c.
553 2443 636 2503 Prior
645 2443 768 2504 dimeter
778 2444 884 2505 desinit
892 2446 922 2503 in
932 2447 952 2515 i,
961 2447 1094 2507 admixto
1102 2448 1282 2528 synaloephe.
1297 2448 1374 2507 Tur·

325 2552 377 2611 bat
391 2561 422 2611 et
435 2550 508 2609 illud
521 2550 663 2609 lectorem
676 2550 771 2609 minus
786 2549 987 2623 exercitatum,
1002 2552 1083 2631 quod
1093 2552 1239 2614 interdum
1252 2563 1375 2633 repente

324 2657 430 2717 miscet
449 2656 581 2734 jambica
605 2676 673 2717 cum
693 2657 860 2729 trochaicis,
884 2658 1015 2718 trimetro
1033 2659 1181 2720 interdum
1200 2669 1232 2718 et
1251 2657 1375 2717 dimetro

324 2773 375 2824 aut
395 2772 578 2824 monometra
599 2778 667 2822 cum
687 2762 874 2834 tetrametris,
890 2763 1082 2825 acatalectico
1102 2784 1170 2824 cum
1185 2763 1375 2836 catalecticis,

325 2868 436 2929 cretica
444 2851 512 2928 cum
517 2869 652 2943 jambieis
662 2887 697 2929 ac
706 2869 875 2929 trochaicis:
887 2871 967 2949 quod
974 2871 1046 2930 locis
1054 2870 1163 2950 aliquot
1172 2871 1374 2934 annotavimus

323 2974 355 3032 in
368 2971 510 3050 margine.
551 2972 598 3031 Ea
610 2971 735 3033 mixtura
747 2973 872 3033 maxime
886 2973 921 3032 fit
935 2974 984 3035 ubi
997 2994 1045 3034 res
1057 2985 1126 3034 sunt
1137 2975 1375 3038 turbulentiores.

326 3077 374 3137 Fit
386 3076 549 3147 interdum,
557 3085 591 3135 nt
602 3095 691 3137 scena
703 3077 783 3157 prior
796 3077 909 3138 desinat
924 3079 955 3137 in
967 3079 1192 3151 hemistichium,
1201 3091 1232 3140 et
1243 3083 1281 3141 ab
1289 3083 1375 3158 hujus

326 3183 458 3244 clausula
476 3181 597 3262 incipiat
616 3203 707 3244 scena
722 3185 872 3264 proxima:
901 3185 1026 3269 velutin
1040 3186 1162 3247 Andriae
1182 3198 1266 3247 actus
1285 3187 1375 3260 tertii,

325 3309 415 3350 scena
436 3287 532 3362 tertia,
555 3289 604 3347 sed
625 3309 715 3349 ccccm
739 3291 815 3349 video
836 3291 924 3367 ipsum
937 3291 1024 3370 foros
1048 3294 1128 3352 coire.
1175 3291 1311 3352 Dimeter
1331 3302 1377 3352 est

326 3395 431 3476 plenus
445 3413 514 3454 cum
534 3394 736 3475 sesquipede,
762 3394 916 3454 Perficitur
930 3395 1011 3454 initio
1024 3415 1121 3456 scene
1134 3397 1292 3478 sequentis.
1332 3399 1375 3456 At

328 3511 357 3561 tc
381 3503 462 3573 ibam,
488 3499 613 3578 quidnam
640 3508 702 3558 est?
731 3509 764 3558 ut
787 3500 826 3558 sit
850 3519 958 3560 scazon
982 3509 1150 3560 tetrameter
1177 3501 1375 3562 catalecticus.

328 3605 656 3686 Nonnunquamdictio
676 3626 742 3686 quas
761 3605 892 3686 pertinet
910 3606 949 3665 ad
969 3625 1086 3665 sensum
1100 3626 1200 3667 versus
1216 3608 1376 3687 sequentis,

327 3733 383 3795 per
402 3712 551 3772 elisionem
576 3711 739 3772 annectitur
759 3710 810 3771 lini
830 3712 1040 3791 precedentis:
1071 3712 1153 3773 utin
1173 3713 1294 3792 prologo
1315 3714 1377 3773 Eu·
1401 3767 1408 3782 ,

328 3817 429 3888 nuchi,
458 3817 505 3894 qui
532 3818 595 3875 bene
622 3818 748 3876 canendo
775 3825 802 3875 el
836 3817 1079 3889 eosdescribcudo
1104 3819 1181 3890 mole,
1210 3840 1243 3878 ec
1271 3819 1378 3881 Grecis

329 3901 414 3994 donis,
428 3927 483 3982 &c-
524 3919 635 3980 Durius
649 3930 703 3992 est,
717 3940 783 3980 cum
802 3910 934 3981 dissecta
946 3921 1075 3981 dictione
1092 3920 1172 4001 prior
1188 3923 1302 4003 syllaba
1312 3923 1377 3983 finit

329 4047 455 4102 versum,
472 4025 598 4107 reliquae
616 4025 759 4106 incipiunt
778 4038 959 4107 sequentem,
980 4037 1013 4087 ut
1029 4027 1166 4088 Eunuchi
1183 4039 1268 4090 actus
1288 4029 1379 4101 tertii,

329 4154 421 4224 scena
431 4135 537 4214 prima:
563 4131 700 4193 coudnuo
713 4133 738 4194 si
751 4133 870 4214 quaudo
890 4132 939 4192 illa
951 4132 1039 4204 dicet,
1053 4134 1219 4194 Phaedriam
1237 4132 1379 4193 intromit-

330 4249 425 4299 tamus
437 4249 640 4311 comessatum,
651 4247 683 4298 tu
696 4238 890 4318 Pamphilam:
931 4237 1075 4298 Elisiones
1085 4236 1155 4296 item
1164 4250 1195 4299 et
1205 4257 1378 4318 syuoereoes,

329 4341 490 4422 praesertim
503 4343 598 4402 minus
611 4343 724 4403 usitatoe
741 4343 820 4422 apud
839 4343 1028 4415 recentiores,
1049 4341 1158 4402 faciunt
1169 4353 1203 4401 ut
1214 4343 1307 4402 lector
1323 4342 1378 4401 im-

331 4448 786 4528 peditus'frequenterhoereat.in
798 4447 948 4508 carmine..
969 4447 1095 4508 Eliditur
1105 4458 1204 4508 autem
1215 4447 1245 4508 in
1259 4447 1382 4510 comicis

332 4553 463 4616 versibus
481 4573 509 4625 r,
529 4571 701 4626 consonans,
716 4564 749 4614 ut
762 4553 792 4614 in
807 4558 820 4614 l
839 4573 940 4626 scena
958 4555 1016 4613 rire
1028 4555 1131 4614 metilia
1144 4556 1248 4615 huelem
1260 4556 1381 4614 momina
