3292 5575
333 674 445 735 xxxvi*
535 672 658 736 JULll
681 671 889 737 ems-Attis
908 668 1166 734 settleual

331 853 523 915 emendandis
544 853 714 921 autoribus.-
734 852 811 915 Nam
824 863 856 915 et
868 853 948 935 opud
970 852 1130 915 Senecam:
1150 851 1376 915 ametistorum

322 956 450 1037 frangit,
461 959 576 1017 animum
588 959 727 1019 renerio.-
747 978 814 1019 eum
837 960 878 1020 ibi
892 960 965 1020 dixit
977 979 1043 1020 esse
1054 959 1200 1019 inversum
1218 957 1374 1027 senarium,

330 1072 419 1141 atque
434 1062 498 1143 ipse
511 1063 554 1123 sic
577 1064 710 1127 invertit:
733 1066 854 1125 rescissio
874 1066 990 1125 mimum
1002 1065 1131 1145 frangit,
1144 1062 1373 1123 srmmistorrio.

330 1165 466 1226 Dixisset
480 1167 669 1241 commodius,
683 1170 762 1249 quod
772 1171 810 1231 ad
823 1171 914 1251 pedes
925 1171 1042 1241 attinet,
1055 1170 1102 1230 sic,
1109 1170 1169 1249 legi
1181 1188 1284 1249 posse:
1295 1186 1375 1231 nunc

329 1291 398 1332 cum
412 1272 615 1333 necessitatem
627 1274 721 1347 effert,
735 1295 853 1337 causam
866 1298 947 1338 suom
959 1278 1033 1338 fecit
1044 1276 1231 1337 deteriorem.
1251 1274 1331 1335 Nom
1343 1280 1376 1333 at

328 1375 372 1437 sic
382 1376 513 1437 senarius
534 1387 596 1439 est:
615 1389 647 1437 et
666 1379 773 1441 inullis
792 1382 871 1462 epud
890 1383 1018 1444 eundem
1037 1393 1170 1444 autorem
1181 1378 1301 1441 senariis
1313 1396 1374 1438 nnn

327 1481 494 1543 observatas
508 1484 600 1563 magis
610 1484 694 1564 leges
703 1486 858 1566 intelligas,
871 1507 959 1568 quem
971 1480 1003 1547 in
1016 1485 1166 1548 comoediis
1186 1495 1238 1544 aut
1255 1482 1318 1543 uiis
1329 1481 1374 1542 l'c·

326 1586 414 1661 bulis,
428 1589 507 1649 unde
520 1589 569 1649 ille
582 1600 719 1651 sumeret.
739 1591 867 1659 Quodsi
880 1591 976 1651 scrius
986 1589 1191 1669 contemplere,
1205 1588 1374 1667 longecon·

327 1690 439 1753 cinnior
451 1694 596 1755 sententia
608 1706 675 1757 est:
703 1716 790 1776 quam
810 1696 956 1757 deformet
973 1695 1024 1757 ille
1035 1693 1197 1755 inversione
1208 1711 1273 1755 sua.
1293 1692 1373 1752 Nam

328 1797 474 1861 sententia
494 1800 609 1861 tametsi
629 1800 778 1881 equaliter
799 1802 837 1862 de
860 1820 943 1875 meu,
963 1800 1054 1863 etde
1079 1799 1185 1871 naimo,
1208 1797 1376 1877 pronuntiat

327 1922 381 1982 per
393 1906 544 1977 contraria,
557 1917 657 1966 tamen
670 1906 732 1965 vult
741 1926 844 1967 arcum
855 1907 964 1968 referre
977 1904 1016 1966 sd
1034 1904 1172 1977 animum,
1184 1902 1322 1986 quoniam
1334 1902 1374 1962 de

327 2012 427 2074 animo
452 2010 557 2091 querit
579 2021 719 2073 statuere.
739 2012 846 2092 Itaque
864 2032 924 2072 non
944 2012 981 2071 sb
993 2030 1031 2073 eo
1050 2010 1190 2091 incipere,
1213 2007 1267 2072 sed
1284 2007 1316 2070 in
1335 2026 1374 2069 eo

329 2117 502 2180 sententiam
522 2117 676 2177 terminare
686 2117 836 2197 oportuit:
860 2116 1020 2197 presertim
1042 2134 1110 2177 cum
1137 2124 1247 2195 praeter
1266 2131 1373 2192 espec·

329 2222 439 2283 tionem
453 2222 491 2282 de
505 2220 600 2281 eninm
621 2222 737 2283 sentiet.
757 2222 839 2282 Nihil
852 2220 931 2281 enim
948 2221 1064 2293 mirum,
1086 2218 1250 2281 intemione
1262 2235 1375 2289 arcum,

330 2337 361 2386 at
374 2325 476 2385 mirum
489 2324 658 2385 remissione
679 2326 806 2387 mimum
816 2327 923 2407 frangi.
943 2330 1044 2395 Quare
1056 2338 1088 2388 et
1099 2324 1208 2387 crescit
1219 2322 1323 2396 oratio,
1343 2330 1376 2382 et

327 2429 393 2491 talis
404 2440 458 2502 est,
473 2441 507 2490 ut
517 2430 616 2510 quavis
628 2429 736 2509 pedum
751 2431 941 2513 dispositione
950 2434 1048 2515 potior
1061 2433 1109 2493 sit.
1129 2432 1178 2492 Ita
1184 2429 1373 2493 messanen

326 2533 654 2614 ingeniasaepenumero
662 2534 774 2612 judicio
784 2548 895 2599 carent.
916 2538 966 2599 De
980 2537 1158 2598 comicorum
1166 2553 1372 2599 versuumma·

326 2639 409 2712 teris,
427 2640 608 2720 partiumque
631 2639 802 2719 quantitate,
827 2642 899 2702 satis
911 2641 1089 2723 disputatum
1103 2652 1170 2713 est;
1190 2641 1230 2702 de
1243 2640 1370 2720 ipsarum
1421 2702 1431 2719 ‚

324 2744 450 2827 partium
469 2765 591 2806 numero
613 2744 753 2827 deinceps
774 2746 936 2810 rideamus.
967 2747 1126 2829 Principio,
1141 2746 1222 2830 quod
1233 2756 1322 2808 antea
1339 2746 1372 2806 in

324 2851 405 2912 libris
419 2851 455 2912 de
469 2865 531 2912 arte
544 2853 661 2931 poetica
672 2853 837 2924 statuimus,
850 2853 901 2913 hic
913 2853 1109 2933 repetendum
1122 2861 1176 2924 est,
1198 2861 1300 2912 versus
1315 2870 1369 2931 per

326 2957 409 3018 initis
429 2968 526 3018 curtos
539 2957 640 3028 fuisse,
662 2955 776 3016 duobus
788 2956 828 3016 sd
841 2976 986 3016 summum
999 2966 1152 3018 contentos
1176 2954 1311 3036 pedibus.
1331 2955 1370 3016 ld

328 3063 407 3145 qnod
421 3073 452 3122 et
465 3061 578 3122 ratione
592 3061 865 3142 comprehenditur:
888 3061 1031 3142 siquidem
1051 3072 1151 3142 partes
1169 3072 1233 3122 toto
1246 3079 1371 3140 corpore

328 3169 439 3250 priores
448 3177 523 3228 sunt.
534 3181 564 3228 et
576 3168 718 3248 exemplis
730 3189 740 3228 r
756 3159 798 3228 s‘ic
809 3167 887 3227 enim
900 3177 997 3227 ortum
1013 3186 1077 3226 esse
1087 3166 1210 3247 primum
1223 3164 1369 3226 senarium

326 3275 357 3334 in
370 3271 514 3353 Apollinis
527 3291 637 3352 pugna,
656 3292 744 3352 quam
757 3291 825 3332 cum
839 3273 975 3354 Pythone
984 3272 1141 3344 conseruit,
1154 3291 1191 3332 ex
1200 3271 1252 3331 illa
1263 3269 1371 3350 simpli·

329 3379 358 3439 ci
374 3377 601 3438 acclamatione:
614 3381 640 3451 ῑι)
655 3383 753 3438 sclav.
775 3379 871 3444 Quam
884 3397 951 3438 cum
960 3389 992 3440 et
1004 3377 1153 3449 iterarent,
1165 3387 1196 3437 et
1203 3376 1370 3456 frequenta·

326 3495 402 3557 rent,
413 3494 514 3544 natum
526 3483 608 3543 aiunt
621 3483 765 3544 senarium
775 3505 784 3546 r
796 3503 856 3563 quo
863 3493 1017 3562 tantopere
1027 3481 1057 3542 in
1066 3480 1125 3542 suis
1135 3481 1258 3542 oraculis
1267 3492 1370 3560 postea

326 3589 376 3648 ille
385 3589 549 3648 celebrarit.
560 3588 591 3662 Ιὴ
602 3595 701 3662 ruins,
713 3593 739 3662 ll,
749 3593 848 3660 παιὰν,
859 3590 887 3660 ἰὴ
897 3588 996 3648 παιάν.
1010 3589 1078 3654 Qua
1085 3586 1124 3655 de
1134 3605 1222 3646 caum
1229 3583 1308 3666 apud
1317 3604 1370 3644 au-

328 3705 407 3754 tores
425 3693 597 3767 fabularum,
610 3695 737 3755 invenias
759 3694 847 3754 unicn
864 3704 1119 3756 vocecontentum
1136 3711 1272 3754 versum:
1286 3702 1320 3750 ut
1336 3690 1368 3751 in

328 3799 489 3860 Eunuum:
502 3801 595 3859 occidi.
608 3799 668 3860 Sed
676 3812 707 3860 et
718 3799 947 3880 monosyllabum
957 3799 1104 3860 interdum
1114 3819 1124 3858 r
1135 3808 1168 3856 ut
1176 3798 1207 3857 in
1221 3797 1366 3858 Hecubae

326 3913 385 3988 φεῦ.
400 3905 441 3965 Et
454 3904 559 3966 eadem
569 3905 716 3984 geminata
727 3924 811 3978 voce,
825 3905 970 3966 distinctae
982 3924 1082 3977 voces,
1093 3903 1168 3963 utin
1182 3902 1281 3975 Pluto,
1294 3913 1329 3961 ut
1337 3901 1368 3960 in

329 4011 436 4072 Oreste
447 4032 457 4072 r
479 4007 509 4085 d,
523 4007 554 4071 d.
577 4013 616 4072 Et
629 4015 804 4087 conjuncta:
821 4009 897 4069 utin
910 4009 1074 4070 Philoctete
1086 4007 1259 4086 Sophoclis:
1272 4006 1370 4067 Arro-

326 4117 408 4178 rcrd.
429 4116 574 4197 Repetitis
588 4117 694 4178 deinde
706 4115 845 4176 tractibus
856 4115 1056 4196 productiores
1068 4112 1158 4176 fecti:
1181 4125 1215 4172 ut
1232 4112 1264 4172 in
1274 4111 1368 4172 Nuhi·

325 4225 395 4289 hus:
405 4223 461 4296 loir,
473 4225 523 4283 ici.
538 4223 609 4284 Hoc
621 4241 738 4303 quoque
748 4221 789 4282 ita
798 4221 828 4281 in
837 4221 1006 4280 Trinummo
1016 4218 1196 4298 duplicatum
1205 4217 1270 4290 fuit,
1282 4228 1315 4276 ut
1323 4215 1368 4276 di·

328 4340 422 4390 meter
442 4328 545 4390 lieret:
562 4329 586 4387 0
600 4330 732 4400 Callicles,
755 4327 779 4385 0
795 4327 927 4386 Callicles.
948 4325 1030 4403 Ergo
1042 4342 1109 4385 cum
1127 4324 1186 4384 duo
1202 4323 1310 4402 pedum
1324 4341 1367 4382 es

327 4444 395 4509 sent
405 4452 524 4513 genera,
535 4433 656 4494 alterum
663 4430 818 4494 motorium
830 4431 970 4502 ;alterum
980 4430 1144 4490 statariumr
1155 4428 1206 4508 qui
1218 4446 1318 4487 versus
1329 4446 1369 4485 ex

324 4539 453 4615 meteriis
463 4550 638 4617 constarent,
656 4539 687 4604 in
697 4541 732 4606 iis
745 4538 833 4604 binos
842 4535 932 4617 pedes
944 4535 1064 4628 singulis
1075 4535 1215 4600 collectos
1225 4532 1368 4622 cacabus
