3292 5575
499 637 568 702 ns
599 634 802 700 unrnrs
834 637 1069 711 comem,
1197 652 1302 720 tm,

257 818 422 896 ubieunque
442 815 473 876 in
491 817 634 902 prosodias
645 819 767 904 regulas
786 829 935 898 peccetur,
952 819 1036 905 signo
1054 818 1151 900 aliquo
1164 837 1298 902 querum

257 933 333 984 esset
350 923 478 998 licentia,
490 922 632 984 indicavi:
654 924 771 1004 syllabis
784 934 892 1003 proeter
910 943 1021 984 morem
1035 924 1176 1005 correptis
1191 947 1298 994 accen,

179 1035 205 1060 '⁵
257 1039 316 1086 tum
334 1027 464 1100 brevem,
481 1028 633 1107 productis
652 1029 771 1106 longum
789 1030 930 1109 spposoi3
950 1048 1051 1090 eornm
1068 1031 1156 1090 etism
1173 1031 1298 1093 olterum

256 1130 368 1210 eppinxi
380 1131 515 1192 omnibns
527 1131 646 1212 syllabis
659 1131 690 1190 in
704 1132 809 1212 quibus
822 1131 1050 1212 synsloepbo.sel
1064 1133 1211 1214 ecthlipsis
1223 1156 1296 1217 neg·

254 1234 364 1314 ligitur3
384 1247 416 1295 et
425 1227 629 1318 nonnunquam
639 1236 673 1296 iis
683 1236 769 1296 etism
782 1237 900 1316 syllabis
910 1257 1031 1318 quarum
1042 1239 1189 1317 quantitas
1198 1240 1295 1330 minnp

254 1339 371 1418 cognite
384 1351 438 1400 est
449 1362 465 1400 o
478 1340 566 1400 etism
578 1340 665 1400 finsle
678 1327 844 1414 verborum,
853 1351 887 1400 ut
897 1328 1235 1428 puerorum'praejndieio
1245 1365 1296 1406 oe·

255 1433 399 1516 comatur,
418 1445 467 1524 qui
486 1445 658 1526 plerumque
671 1465 726 1526 pro
744 1456 878 1525 correpto
890 1445 1000 1512 bebere
1012 1447 1118 1520 solent,
1132 1466 1199 1507 enm
1215 1447 1247 1506 in
1263 1448 1296 1510 id

255 1557 389 1628 noeentus
407 1549 544 1610 metricus
558 1551 646 1624 sedit,
659 1560 785 1610 occentu
802 1549 891 1629 longo
903 1551 1012 1612 notari.
1026 1551 1078 1611 ubi
1089 1571 1160 1612 vero
1177 1552 1208 1612 in
1219 1571 1294 1613 voce

254 1651 347 1730 aliqua
358 1652 436 1712 binoe
449 1653 611 1736 syllsboein
625 1673 713 1714 unam
726 1655 945 1729 contrabuntur,
958 1656 989 1715 id
1001 1654 1093 1717 literis
1105 1656 1228 1736 margini
1241 1678 1292 1740 ep:

253 1755 351 1835 positis
363 1775 477 1836 semper
495 1754 618 1817 ostendi.
659 1757 705 1817 Ad
720 1758 794 1831 hoeo,
812 1779 881 1818 eum
894 1779 972 1840 sepe
990 1760 1042 1820 fiet
1055 1770 1090 1819 ut
1102 1771 1226 1821 metrum
1238 1781 1293 1821 seu

253 1860 359 1920 διποδὶιι
369 1861 400 1919 in
410 1861 500 1940 pedes
510 1861 630 1922 diversis
640 1861 734 1923 modis
747 1851 853 1930 resolvi
865 1863 965 1943 possit,
976 1884 994 1924 e
1004 1865 1108 1944 quibus
1116 1865 1166 1924 ille
1180 1865 1291 1945 eligen-

253 1964 302 2023 dus
323 1965 373 2044 qui
385 1945 523 2044 legitimo
537 1947 763 2044 pronuntiationi
782 1967 900 2026 minime
914 1969 1014 2050 officit,
1030 1989 1224 2048 numerosque
1237 1970 1291 2040 mi·

252 2056 325 2128 nime
348 2089 467 2129 sonoros
485 2069 598 2141 reddit-3
619 2059 762 2148 ejusmodi
776 2083 871 2155 metro
883 2073 940 2134 hoc
953 2083 1025 2134 noto
1038 2106 1051 2120 ·
1064 2072 1095 2138 in
1115 2074 1213 2155 pedes
1222 2093 1291 2139 suos

253 2174 377 2235 distinxi.
419 2173 500 2233 Nihil
514 2174 790 2255 deniqneomissum
804 2187 859 2260 est,
874 2177 952 2257 quod
968 2178 1137 2257 excogitare
1150 2178 1242 2258 potui,
1256 2155 1291 2262 nt

251 2278 332 2347 metri
341 2278 509 2338 Terentiani
518 2260 710 2372 intelligentis
722 2279 861 2354 facillime
873 2281 1056 2354 redderetur,
1071 2291 1102 2342 et
1115 2281 1151 2342 od
1162 2281 1289 2341 tironum

249 2394 363 2466 csptpm
375 2381 492 2470 prorsus
502 2385 737 2468 oecommodste.
765 2384 841 2468 Cum
850 2404 921 2445 vero
930 2404 1029 2446 versus
1040 2385 1146 2446 cornici
1155 2387 1193 2446 od
1204 2385 1289 2446 tibias

248 2487 430 2561 canerentur,
443 2499 577 2569 superest
590 2497 623 2548 ut
636 2490 673 2552 de
691 2489 726 2549 iis
739 2509 834 2570 peuce
851 2488 986 2569 qnaedem
1006 2491 1113 2563 dicum,
1133 2511 1199 2571 qnae
1218 2491 1288 2551 setis

248 2596 303 2655 sint
316 2594 354 2656 ad
365 2594 555 2674 intelligenda
564 2595 614 2654 illo
626 2615 692 2674 quae
702 2595 731 2652 in
737 2593 900 2654 fabularum
912 2593 1016 2654 hurum
1030 2594 1121 2653 titulis
1130 2595 1286 2657 habentur.

286 2701 336 2760 De
348 2699 394 2760 his
407 2698 490 2758 multi
509 2699 600 2759 mults
613 2711 644 2760 et
659 2697 746 2759 iolde
768 2697 895 2770 diversa3
915 2718 981 2776 qum
996 2717 1034 2758 ne
1048 2717 1202 2783 recensere
1222 2700 1287 2780 qui·-

249 2806 324 2877 dem,
338 2804 445 2865 nedum
466 2817 607 2865 excutere
620 2804 668 2865 sel
682 2804 772 2863 otium
789 2814 835 2863 est
848 2805 895 2863 vel
909 2802 1031 2862 animus.
1072 2803 1196 2863 Constet
1209 2804 1287 2883 apud

249 2929 345 2969 omnes
366 2908 470 2990 primis·
482 2908 664 2989 temporibus
682 2908 767 2969 tibias
786 2928 824 2967 ex
845 2905 986 2967 arundine
1002 2905 1110 2977 fuisse;
1133 2926 1198 2968 eam
1217 2927 1286 2967 vero

249 3034 311 3094 quse
324 3014 453 3074 redicem
466 3024 674 3086 antecesserat,
686 3014 768 3073 lmvae
781 3014 860 3074 tibioe
874 3011 1039 3085 contenire,
1053 3033 1120 3093 quse
1133 3015 1285 3098 becumen,

250 3119 370 3203 dextrae,
382 3118 475 3198 inquit
494 3118 603 3179 Plinius
617 3118 637 3179 l.
652 3123 700 3197 lb.
719 3136 747 3179 c.
760 3124 810 3181 96.
821 3138 859 3187 ex
872 3115 1085 3198 Theopbrssto,
1100 3119 1184 3206 eujus
1197 3117 1287 3196 verbo

247 3234 321 3295 sunt,
329 3229 379 3296 τὴν
386 3226 439 3303 μὲν
447 3224 515 3301 πρὸς
524 3249 556 3309 η]
567 3226 628 3308 ῥίζῃ
636 3226 781 3301 ἀριστερὰν
789 3222 929 3294 sirbonis
938 3219 969 3278 δὲ
978 3222 1047 3303 πρὸς
1055 3221 1118 3297 rode
1126 3217 1284 3299 βλαστοὺς,

248 3329 353 3403 legibs:
382 3348 419 3389 ex
431 3329 477 3388 his
489 3340 587 3389 eutem
600 3329 730 3389 dextram
744 3326 906 3406 graviorem
919 3346 1023 3390 sonum
1037 3323 1161 3384 edidisse
1180 3324 1284 3405 saepius

246 3452 264 3493 a
276 3433 396 3493 Donato
407 3432 516 3491 dietum
525 3444 585 3503 est;
606 3432 686 3510 quod
698 3430 745 3491 isti
758 3428 838 3515 tibiae
851 3430 1031 3503 convenisse,
1042 3448 1107 3508 quoe
1117 3428 1282 3506 angustiore

244 3546 319 3599 esset
333 3535 486 3609 foramine,
500 3535 627 3595 ostendit
639 3535 682 3594 vir
695 3534 802 3605 clariss.
823 3534 908 3598 Isaac
921 3535 1043 3611 Vossius
1055 3533 1086 3591 in
1101 3533 1281 3611 elegentissi-

244 3662 292 3701 mo
302 3641 418 3701 Libello
429 3641 466 3700 de
480 3640 586 3699 viribus
597 3639 718 3719 Rythmi
727 3660 756 3719 p.
769 3644 837 3705 111.
850 3659 887 3699 ex
897 3640 953 3698 boc
962 3638 1070 3698 AElieni
1080 3630 1156 3708 lo'co,
1165 3638 1214 3716 qui
1227 3658 1280 3696 ex-

242 3758 285 3831 sps
298 3747 378 3826 opud
388 3744 615 3831 Porphyriumin
626 3742 869 3824 Hypomnemstis
879 3744 917 3802 ad
929 3742 1110 3826 Harmonice
1117 3740 1280 3802 Ptolemaei.
1386 3736 1390 3741 ’

245 3854 306 3911 Etr
318 3848 399 3933 λᾷβῃ
411 3876 452 3918 τις
473 3849 520 3927 δύο
535 3848 648 3920 dol-oie,
663 3858 721 3916 τοῖς
739 3850 792 3929 μὲν
804 3856 921 3928 μήκεσιν
932 3848 1022 3919 ἴσους,
1035 3855 1097 3914 ταῖς
1110 3846 1138 3905 δε
1152 3846 1285 3925 ἐυριίτηιιιΙ

245 3964 299 4013 τῶν
322 3958 432 4028 soiitos
458 3952 645 4032 διαφέροντας,
673 3952 794 4029 καθάπερ
814 3955 927 4033 ἔχουσιν
947 3954 974 4011 dt
992 3950 1105 4030 Φρῦγωι
1125 3950 1195 4027 πρὸς
1214 3948 1278 4015 τούς

243 4056 431 4133 Ἑλληνικοῦς,
441 4060 546 4137 ruptor:
557 4062 760 4138 mordacior
768 4058 798 4121 τὸ
806 4060 974 4140 tipusoillsoo
984 4057 1106 4135 ὀξύτερον
1114 4059 1283 4145 προϊέμενονι

245 4162 375 4241 φθόγγον
394 4174 443 4221 τοῦ
464 4167 659 4227 στενοκοιλίου,
698 4162 862 4242 Θεωραῦμεν
882 4164 916 4236 γέ
935 4184 979 4219 τοι
991 4158 1054 4226 τούς
1066 4158 1202 4238 Φρυγίους
1217 4181 1278 4217 orr-

247 4266 308 4341 νοῦς
321 4274 383 4333 ταῖς
397 4269 515 4353 redimo
529 4268 625 4343 ὄντας,
646 4264 802 4348 καῒπολλῷ
816 4266 987 4348 βαρυτέρους
1000 4264 1087 4353 ἤχους
1100 4260 1280 4348 προβάλλῃ-ι

247 4395 296 4448 sup
309 4381 363 4433 τῶν
377 4372 550 4457 Ελληνικῶιζ.

284 4454 355 4535 son.
369 4492 405 4535 ιι.
764 4478 813 4541 o*
911 4558 915 4565 ι
