3292 5575
352 701 502 770 hiat·
569 754 573 760 .
663 709 1046 773 malamorta
1094 745 1096 750 ·

352 887 418 949 dus
428 885 506 963 huie,
519 887 593 952 alios
608 889 650 951 illi
667 893 831 953 conveniat.
872 891 1023 954 Comoedia
1035 889 1141 968 quippe
1154 885 1322 967 popularem
1334 886 1396 946 ferd

361 1011 524 1056 aermonem
544 997 627 1057 nobis
640 997 775 1068 exhibet5
796 1000 879 1075 cujus
894 999 972 1076 apud
991 1015 1091 1056 omnes
1104 1005 1206 1074 gentes
1219 1013 1281 1053 mos
1295 1003 1348 1064 est,
1365 1002 1396 1049 ot

354 1093 406 1158 aas
414 1099 563 1174 dictiones,
572 1121 638 1182 quse
645 1103 825 1184 frequentius
836 1112 1001 1173 occurrunt,
1012 1100 1207 1162 contractiore
1217 1098 1396 1175 modosepe

355 1204 593 1281 prmuneienorr,
616 1219 647 1267 et
664 1208 753 1268 veluti
765 1210 795 1268 in
815 1228 901 1270 unam
922 1218 1037 1270 coeant.
1054 1207 1132 1286 quod
1149 1218 1246 1267 tamen
1264 1202 1349 1265 rivel
1362 1203 1396 1260 in

361 1306 492 1368 oratione
502 1310 583 1388 gravi
595 1310 643 1370 rel
656 1311 687 1370 in
699 1311 816 1372 heroico
830 1316 955 1376 carmine
969 1313 1062 1386 fieret,
1078 1313 1226 1376 ridiculum
1239 1311 1396 1371 rideretur.

362 1411 434 1472 Hoc
451 1415 538 1476 modo
558 1417 637 1496 apud
656 1430 806 1480 auctorem
824 1431 954 1480 nostrum
973 1439 1061 1480 voces
1081 1419 1154 1498 quid,
1172 1418 1250 1496 qood,
1268 1417 1323 1486 red,
1342 1418 1397 1473 &c-

363 1505 430 1576 oum
452 1538 524 1580 voca
549 1522 681 1601 sequenti
707 1523 921 1602 quodammodo
947 1501 1111 1586 coalescere
1131 1521 1276 1583 interdum
1298 1518 1398 1581 riden-

356 1631 428 1683 turs
457 1633 499 1699 ut,

404 1765 489 1827 Nidil
494 1781 607 1849 propter
619 1771 686 1866 deoc
699 1795 776 1843 rem,-
793 1774 846 1834 sed
857 1774 983 1850 estquod
993 1780 1127 1832 succerrset
1141 1769 1200 1830 ribi.

406 1872 540 1941 Qulrlaam
551 1886 613 1937 este
628 1881 732 1957 puerile
746 1889 796 1939 est.
810 1877 961 1959 quidest?
981 1877 1054 1936 mlii.
1069 1878 1133 1954 quia
1146 1877 1198 1946 dic,
1213 1874 1352 1952 quidest?

358 2015 474 2088 -ubi,‚ne
483 2038 537 2098 pes
550 2021 677 2082 creticus
690 2021 867 2093 admittatur,
878 2023 926 2080 sed
939 2030 979 2079 est
993 2029 1025 2080 et
1037 2019 1102 2098 quid
1113 2026 1163 2090 ert,
1174 2015 1255 2095 quasi
1268 2014 1298 2074 in
1312 2029 1399 2071 unam

360 2120 444 2180 coire
456 2123 597 2203 syllabam
609 2125 762 2186 credimus.
802 2126 892 2192 Quod
905 2135 1000 2185 autem
1018 2123 1067 2183 hic
1086 2122 1122 2182 de
1140 2120 1215 2202 pede
1234 2117 1343 2180 cretico
1361 2115 1402 2174 ri·

364 2224 455 2284 tando
468 2226 600 2300 diximus,
614 2229 652 2289 de
666 2231 777 2290 caeteris
789 2231 874 2290 etiam
888 2227 1105 2307 intelligendum
1120 2226 1226 2304 estqui
1240 2222 1400 2304 spondeum

366 2328 525 2410 epcedunt.
538 2332 581 2392 sio
593 2353 652 2392 vox
665 2335 740 2406 nibil,
753 2335 785 2393 in
796 2335 889 2414 primo
902 2335 979 2414 pede
989 2333 1093 2413 prioris
1103 2349 1200 2392 versus
1213 2327 1301 2390 modo
1314 2325 1401 2397 allati,

365 2433 566 2512 m⁰⁰⁰⁸ll¹⁸b²
579 2447 643 2527 ⁸⁸²ss
663 2458 827 2518 quanquam
841 2439 870 2498 in
885 2449 986 2519 quarto
1000 2439 1076 2518 pede
1089 2435 1236 2516 sequentis
1253 2435 1402 2512 eleganter

367 2534 535 2616 disyllabice
547 2542 763 2619 pronunciatur.
777 2543 882 2616 eodem
896 2544 983 2604 modo
997 2565 1054 2604 non
1068 2543 1159 2603 solum
1171 2560 1258 2601 voces
1272 2539 1358 2617 magis
1371 2548 1401 2596 et

368 2641 445 2713 ⁸⁰²5&
455 2643 508 2702 sed
519 2645 604 2704 etiam
618 2647 731 2724 quidem,
741 2649 828 2719 amal,
841 2651 920 2726 apud,
936 2660 966 2708 et
978 2659 1073 2718 tomen,
1089 2647 1135 2707 vel
1147 2646 1276 2706 ultimam
1289 2643 1403 2702 literam

359 2763 448 2827 ssepe
458 2748 556 2813 elisam
564 2750 682 2826 habent,
692 2752 741 2814 vel
754 2751 783 2813 in
793 2773 880 2814 unam
887 2755 1026 2835 syllabam
1040 2751 1262 2813 connubuntur:
1282 2759 1324 2823 ut,

450 2894 487 2950 N
484 2914 498 2951 e
508 2894 556 2952 loc
569 2894 684 2972 quidem
698 2897 797 2954 tacebit
810 2897 951 2955 Parmeno.
994 2895 1034 2954 Ol
1046 2894 1185 2953 dubiumne
1198 2892 1228 2949 id
1239 2898 1305 2949 est!

365 2988 370 3003 ’
450 2998 491 3059 Et
503 2999 588 3060 simul
601 3003 737 3079 corficiom
740 3003 858 3084 facilius
872 3025 922 3083 ego
935 3002 1005 3079 quod
1016 3002 1084 3061 volo.

366 3082 373 3110 Ἰ
451 3102 563 3164 Proeto
576 3104 654 3185 ap'ud
663 3126 704 3164 me
717 3126 772 3165 este
781 3107 877 3167 aiunt:
897 3117 999 3186 egomet
1008 3108 1133 3166 connives
1146 3126 1243 3164 moror.

453 3207 566 3270 Tamen
578 3210 629 3271 vix
643 3212 754 3273 imane
762 3216 880 3291 potitor,
894 3232 984 3271 berum
998 3214 1022 3271 ri
1035 3232 1157 3289 augeam.

372 3346 509 3410 Muretus
521 3349 638 3431 quidem
651 3352 768 3413 utbanc
785 3352 931 3414 lIcentiam
948 3354 1068 3433 effigiat,
1083 3352 1155 3433 legit
1178 3352 1277 3410 Tamen
1294 3350 1406 3408 bonone

370 3456 419 3514 va
437 3434 716 3533 poso—4sea
734 3459 764 3517 ru
784 3459 870 3518 num
891 3458 983 3517 mss
1002 3459 1043 3517 m
1063 3458 1177 3535 legitur,
1199 3475 1295 3535 neque
1315 3454 1405 3515 raons

368 3556 487 3619 ridetur
514 3580 552 3621 ea
576 3562 730 3622 verborum
757 3562 922 3625 collocatio.
975 3562 1016 3622 Et
1047 3572 1126 3623 certe
1158 3580 1319 3641 quanquam
1345 3560 1404 3620 fre·

368 3676 498 3744 quentes
515 3665 579 3724 istm
599 3666 661 3727 sire
681 3666 846 3727 collisiones
862 3668 922 3727 sire
943 3666 1078 3726 elisiones
1097 3666 1274 3746 syllabarum
1292 3665 1405 3726 illorum

370 3769 489 3829 auribus
501 3770 624 3830 insolita
637 3771 799 3844 videantur,
814 3773 864 3851 qui
878 3772 975 3833 omnia
989 3772 1028 3832 ad
1040 3772 1201 3851 Augustani
1210 3772 1264 3831 aevi
1276 3790 1405 3831 normam

370 3875 494 3956 exigere
518 3878 629 3945 solent:
662 3898 721 3937 non
744 3879 877 3939 absurde
899 3889 997 3937 tamen
1020 3876 1054 3937 iis
1076 3877 1259 3949 videbuntur,
1283 3878 1333 3957 qui
1358 3877 1404 3937 vel

372 3980 498 4041 Enniani
511 3982 603 4041 secoli
617 3982 750 4061 reliquias
766 3984 875 4062 legunt,
890 3984 937 4043 vel
948 3982 1119 4062 popularem
1133 3983 1271 4062 loquendi
1286 4000 1405 4053 morem,

370 4103 461 4164 quem
476 4104 564 4165 sopra
575 4086 803 4159 memoravimus,
815 4086 904 4166 poulo
916 4088 1054 4148 attentius
1068 4088 1261 4149 considerant.
1274 4106 1332 4149 nec
1348 4086 1407 4147 sor·

372 4200 453 4251 tasse
464 4190 654 4266 mirabuntur,
673 4193 697 4251 si
711 4192 831 4271 primam
849 4192 990 4272 syllabam
1010 4191 1040 4250 in
1057 4194 1111 4265 ille,
1127 4194 1192 4269 ipre,
1210 4194 1271 4264 iate,
1290 4197 1346 4253 dte.
1359 4190 1406 4251 vel

373 4293 507 4353 ultimam
523 4295 553 4354 in
570 4298 640 4370 aide,
657 4316 730 4369 core,
743 4299 823 4376 jube,
840 4300 918 4369 dorsi,
931 4298 997 4368 beri,
1014 4301 1068 4357 dre.
1086 4316 1164 4376 soepe
1184 4306 1345 4375 correptam
1363 4294 1407 4355 ri-

374 4398 474 4460 deant.
486 4401 526 4460 ob
538 4401 662 4461 eandem
675 4403 763 4463 etism
772 4403 912 4464 rationem
926 4422 1004 4483 saepe
1017 4400 1079 4461 fieri
1091 4403 1167 4461 solet
1179 4411 1212 4459 ut
1224 4402 1263 4460 dii
1272 4402 1342 4472 deor,
1356 4402 1408 4471 ait,

374 4506 441 4573 seio,
459 4504 534 4577 mili,
554 4524 638 4578 meos,
658 4515 731 4580 tras,
752 4528 816 4567 sarrs
835 4486 1052 4587 (nonnunquam
1075 4508 1124 4569 tibi
1145 4518 1175 4567 et
1193 4507 1256 4580 ribi,
1271 4516 1304 4565 ut
1323 4516 1408 4585 putat

377 4606 518 4687 anemo)
536 4608 567 4667 in
582 4628 673 4678 onam
693 4610 834 4691 syllabam
850 4614 1068 4687 contrsbtmtur,
1084 4622 1136 4673 sut
1146 4630 1204 4673 ror
1212 4613 1277 4690 jors
1291 4610 1324 4671 iu
1334 4609 1410 4675 dues
