3292 5575
362 662 413 729 iii*
543 662 673 725 sunu
704 662 921 727 cAEsAnls
952 659 1217 725 scanlalum

359 846 420 905 uuit
443 845 537 907 crebro
557 845 704 905 convivari
747 844 807 903 Sed
828 844 926 904 retulit
948 862 1098 903 numerum
1119 843 1159 903 ad
1179 843 1394 909 universitatem

359 960 484 1028 patrum.
525 949 569 1007 At
581 947 611 1006 in
620 947 756 1026 singulari
770 947 951 1009 tolerabilem
964 956 1109 1026 posuerat,
1124 948 1259 1027 quoniam
1273 953 1395 1014 rariora

359 1065 436 1115 aunt.
475 1054 523 1115 Ita
541 1065 634 1114 mutat
653 1074 804 1114 numerum
820 1054 852 1113 in
871 1054 1031 1115 Eunuchor
1052 1054 1211 1113 Eunuchum
1223 1077 1306 1133 porro
1325 1062 1395 1119 dmi

360 1150 476 1233 uellate,
488 1160 551 1239 quia
564 1162 625 1219 solu
637 1169 752 1219 artantur
767 1161 808 1219 hir
826 1161 934 1239 regino.
974 1162 1069 1227 Quam
1086 1159 1275 1222 mutationem
1293 1162 1394 1242 aliquia

359 1265 453 1327 minus
477 1268 658 1327 commodam
677 1287 746 1328 cum
761 1278 889 1348 putarat,
911 1268 1030 1329 sublatio
1051 1268 1106 1328 illia
1126 1267 1230 1339 verbio,
1248 1270 1331 1346 poulo
1347 1268 1394 1345 qui

360 1352 401 1429 eat
419 1372 492 1431 domn
512 1372 674 1431 tolerabilia:
695 1392 761 1452 quae
776 1372 846 1433 viiia
857 1372 1044 1452 prohiberent
1063 1382 1160 1453 patres
1177 1373 1207 1431 in
1221 1384 1321 1433 nostra
1331 1372 1393 1431 lec·

358 1475 446 1548 tione,
460 1496 497 1537 ea
509 1476 579 1536 fecit
597 1486 711 1556 patrare
732 1477 843 1556 flagitia
860 1477 926 1538 filiis
940 1478 969 1535 in
988 1496 1050 1537 oua.
1090 1477 1167 1536 Haec
1180 1487 1249 1536 nunt
1264 1475 1392 1556 Sylviole

358 1580 409 1651 fili,
424 1600 488 1660 quaa
505 1582 726 1643 laboriosissima
744 1602 833 1662 opera
848 1583 965 1643 excussi
984 1582 1055 1641 tibi:
1075 1585 1222 1661 majorene
1239 1580 1329 1641 toedio
1349 1590 1394 1639 tot

356 1683 540 1764 ineptiarum,
552 1706 590 1747 an
604 1698 693 1758 metu,
704 1707 743 1747 ne
755 1687 818 1767 pari
831 1687 943 1747 inscitia
955 1706 1075 1766 capere.
1116 1686 1209 1746 Omiai
1221 1705 1290 1745 vero
1303 1684 1394 1745 mulia

358 1793 484 1852 carmina
502 1774 697 1866 controversa,
710 1803 761 1853 aut
772 1792 918 1872 ambigua,
932 1791 989 1852 aiia
1002 1802 1099 1852 vasta:
1119 1812 1185 1871 qoae
1206 1788 1293 1851 etiam
1310 1790 1335 1849 ai
1354 1788 1393 1849 ad

355 1884 508 1959 sanitatem
529 1898 703 1977 redigantur,
724 1908 755 1959 at
778 1918 848 1958 cura
870 1898 925 1957 iau
943 1908 1040 1957 nostra
1055 1896 1103 1957 vel
1117 1894 1159 1957 nio
1176 1896 1264 1974 longa
1281 1896 1392 1955 minora

354 2000 422 2063 nint.
463 2001 729 2061 verumenimvero
740 2020 835 2081 neque
848 2001 899 2061 tibi
908 2000 1030 2079 puerilia
1039 2000 1129 2059 videri
1142 1999 1261 2076 debent,
1274 2000 1324 2080 qui
1335 2000 1391 2061 ista

355 2116 442 2165 mute
451 2105 586 2167 literaria
596 2105 689 2166 laudis
702 2106 812 2167 aditum
826 2126 941 2166 omnem
954 2105 1107 2185 explorare
1116 2106 1229 2182 juberis
1242 2107 1280 2167 ab
1292 2104 1389 2165 indole

355 2221 415 2281 tue,
430 2230 495 2290 quae
514 2231 621 2290 magna
637 2231 674 2273 ao
691 2212 783 2283 multa
796 2212 936 2293 promittit
950 2212 1051 2271 nobie:
1073 2230 1169 2291 neque
1188 2211 1258 2273 mihi
1276 2209 1391 2292 piebpia

356 2316 442 2387 adeo,
460 2316 492 2375 in
514 2317 627 2397 quibus,
649 2319 761 2381 omneis
779 2318 882 2379 studiis
901 2317 1089 2397 gravioribus,
1112 2328 1210 2378 tantos
1228 2318 1294 2377 illos
1316 2316 1391 2377 viros

356 2421 505 2481 elaborare
522 2422 631 2502 aliquid
651 2442 711 2485 non
733 2425 877 2503 poenituit.
927 2424 985 2489 Qui
1008 2424 1034 2484 ni
1056 2425 1160 2504 quibua
1177 2423 1208 2483 in
1229 2422 1301 2483 iocin
1318 2420 1391 2501 lapai

353 2537 433 2599 aunt,
448 2526 494 2587 vei
507 2527 565 2589 hoo
577 2528 671 2607 ipsum
684 2530 726 2591 ein
740 2530 893 2601 debeatur,
908 2530 985 2609 quod
1000 2548 1053 2589 nos
1069 2528 1226 2589 excitarint
1237 2528 1276 2588 ad
1288 2526 1393 2587 verita·

354 2642 425 2693 tem.
464 2632 557 2708 Cujus
576 2634 770 2712 splendorem,
790 2635 832 2695 fiii
853 2635 903 2707 mi,
920 2635 1021 2714 quonia
1041 2635 1157 2694 nomine
1170 2632 1391 2695 charioremim-

339 2739 426 2816 ,bere
445 2737 546 2800 debes.
587 2738 731 2820 Magrurm
748 2740 805 2802 fuit
819 2741 934 2802 Erarmi
952 2758 1068 2812 nomen,
1089 2739 1248 2820 presertim
1267 2738 1297 2798 io
1313 2737 1389 2798 Ger-

353 2845 449 2904 mania
461 2844 552 2903 literis
571 2865 603 2904 re
624 2847 827 2908 nascentibus:
848 2852 940 2922 majus
955 2846 1132 2919 futurum,ai
1149 2845 1200 2904 ille
1219 2845 1389 2904 minorasse

352 2950 501 3012 voluisset.
544 2949 635 3010 Nuno
647 2951 740 3010 fretun
758 2950 867 3028 ingenii
879 2950 924 3010 nui
939 2950 1146 3035 magnitudine,
1158 2949 1250 3008 multa
1261 2957 1389 3008 maome

354 3065 572 3134 aggressusest,
583 3055 669 3135 paolo
682 3055 775 3116 minua
785 3067 938 3116 accurate:
958 3056 1001 3115 ita
1013 3074 1031 3115 a
1043 3055 1166 3114 nominis
1179 3053 1310 3114 claritate
1322 3071 1388 3131 pro-

352 3160 432 3222 fect·
442 3160 619 3222 confidentia
627 3161 805 3240 praeeipitem
814 3159 898 3220 illum
906 3161 974 3239 ogit,
984 3180 1043 3220 non
1052 3159 1113 3220 nine
1123 3158 1276 3240 dispendio
1283 3159 1388 3218 multo·

354 3284 418 3326 ram
431 3265 643 3327 studionorumz
663 3266 712 3346 qui
725 3286 827 3328 omnen
844 3287 913 3326 cum
925 3266 1005 3326 docti
1017 3286 1082 3326 eane
1100 3266 1288 3325 vehementer
1299 3283 1388 3343 exop-

353 3379 456 3442 tarent,
470 3371 555 3449 pauci
564 3381 662 3431 autem
674 3371 846 3432 laborarent'
854 3372 967 3432 omissis
980 3371 1124 3444 aerumnis,
1135 3391 1201 3451 quae
1212 3371 1281 3451 ipsiu
1292 3370 1324 3429 in
1339 3381 1391 3430 an-‘

354 3474 500 3555 liquorum
519 3475 647 3550 lectione
666 3475 766 3536 muitoe
786 3477 969 3556 exequendae
981 3487 1074 3548 erant,
1092 3475 1297 3555 compendium
1308 3473 1388 3535 nauti

353 3599 454 3640 eorum
465 3600 529 3659 quaa
540 3580 677 3640 Erasmus
690 3579 722 3640 in
733 3599 822 3640 unum
832 3581 997 3660 coegisset*
1006 3583 1035 3641 ei
1048 3582 1087 3642 de
1100 3581 1232 3640 omnibus
1243 3580 1332 3640 iidem
1345 3580 1387 3639 ita

353 3683 492 3755 boboam,
506 3694 538 3742 ut
549 3684 640 3746 etiam
656 3686 822 3746 erumnam
839 3685 1002 3765 priscorum
1019 3687 1223 3758 monumentis,
1236 3687 1325 3758 undo,
1338 3684 1387 3744 iiio

352 3787 400 3848 rel
413 3787 566 3867 aliquando
579 3810 639 3849 non
651 3791 730 3850 bona
741 3789 800 3850 fide
817 3790 990 3870 aooepinoet,
1005 3791 1119 3851 Erasmi
1131 3810 1238 3851 nomen
1255 3811 1315 3850 non
1332 3809 1387 3870 pro

353 3904 438 3966 tute,
448 3893 502 3954 nod
512 3913 566 3975 pro
580 3893 693 3970 judico,
701 3893 803 3966 citent,
816 3905 905 3973 atque
914 3894 1001 3955 alieni
1014 3895 1120 3956 laboris
1132 3913 1191 3954 non
1204 3894 1286 3974 quoni
1296 3894 1386 3954 bene·

353 3997 494 4060 iioiarium
510 3997 621 4060 iaciant
639 4008 780 4060 autorem.
820 4001 920 4066 Quare
933 4000 1015 4060 vobin
1032 3999 1164 4059 onmbm
1182 4003 1244 4075 ejm
1264 3996 1388 4057 nominis

353 4103 501 4178 studiosis,
512 4103 587 4164 inter
604 4123 676 4182 quoa
690 4122 738 4164 ne
752 4124 869 4186 quoquo
882 4124 954 4166 eane
964 4120 1030 4165 ense
1043 4124 1102 4164 non
1121 4105 1219 4176 nolim,
1233 4102 1387 4164 commode

355 4209 540 4298 ostendimus,
554 4220 643 4290 atque
658 4221 819 4290 opportune
833 4210 904 4290 quid
918 4215 1058 4289 cujusque
1072 4209 1173 4289 judieii
1185 4207 1386 4289 sequeremini.

355 4312 444 4377 Quod
461 4313 485 4372 ni
499 4314 572 4393 quin,
588 4326 622 4374 ut
638 4326 683 4376 eet
700 4314 847 4394 ingenium
864 4315 1037 4394 qoibmdam
1052 4316 1208 4376 barbarum
1227 4334 1266 4375 ao
1281 4314 1386 4383 ieram.

354 4416 530 4495 pertinacius
552 4419 681 4499 negligat
701 4420 858 4500 foveatque
881 4419 1027 4504 ignaviam
1045 4440 1144 4482 suam:
1166 4432 1197 4483 te
1214 4420 1318 4482 saitem
1335 4419 1387 4478 ha·

355 4522 473 4580 beamus
487 4523 523 4582 ab
537 4524 681 4586 erroribm
694 4525 838 4604 ejusmodi
849 4505 1046 4604 segregatum.
