3292 5575
339 654 421 717 m*
511 650 647 713 'JULII
675 638 1201 713 CAESARIS.SCAL1GER1

342 850 452 906 remus.
464 834 497 893 et'
507 832 655 911 tragoediis
668 842 762 911 aptus,
778 831 802 890 si
812 829 984 902 secundum,
994 840 1026 892 et
1041 835 1178 909 quartum
1191 824 1306 907 pedem,
1321 838 1385 884 non

341 939 414 1001 alios
436 936 551 1009 seceris,
562 956 648 1016 quam
656 938 782 1014 jambos,
793 948 845 996 aut
858 954 936 1008 eum,
949 933 1000 1014 qui
1009 933 1173 993 tribrachus
1182 942 1237 1003 est,
1251 941 1303 990 aut
1312 948 1387 989 ana·

342 1054 465 1123 pastum
479 1041 689 1122 quoniamsunt
699 1060 794 1121 parea.
806 1043 876 1105 Qua
884 1039 963 1098 enim
972 1038 1096 1098 audacis
1107 1037 1200 1098 fretus
1209 1044 1386 1115 anapestum

343 1146 491 1209 tribracho
504 1164 605 1225 parem
626 1144 709 1203 dixit.
748 1142 826 1201 Nam
840 1141 920 1222 quod
930 1143 972 1203 ait
993 1140 1111 1223 parthus
1123 1142 1242 1205 sedibus
1255 1160 1386 1220 anapaes-

343 1262 407 1311 tum
426 1249 536 1329 recipi:
558 1266 657 1307 verum
670 1257 727 1311 est.
768 1245 816 1306 Sic
830 1246 907 1307 enim
920 1257 1004 1308 extat
1014 1247 1047 1306 in
1059 1246 1148 1307 Pluto
1167 1244 1388 1325 Aristophanis:

347 1358 379 1424 ὸς
393 1358 538 1434 ἀργαλέον
550 1356 658 1435 πρᾶγμ’
671 1346 787 1434 irtlmd
802 1354 848 1422 ζεῦ
860 1354 906 1411 καὶ
917 1349 991 1412 θεοί.
1015 1350 1109 1411 Etbis
1119 1349 1153 1409 in
1166 1350 1271 1411 eodem
1282 1366 1388 1409 versut

345 1460 395 1521 οἶδ’
408 1446 592 1539 ttriptwro,
606 1462 629 1517 κ’
652 1462 700 1519 chr
721 1457 831 1519 ἐδόκουν
851 1459 879 1537 μ’
899 1459 968 1538 ὁρᾶν
981 1458 1033 1517 ἔτι.
1066 1456 1178 1517 Verum
1200 1456 1258 1517 hoc
1280 1465 1326 1516 est
1348 1454 1391 1513 illi

285 1632 296 1639 „
345 1565 421 1628 adeo
429 1565 577 1645 frequens,
588 1573 623 1624 ut
635 1563 732 1624 nullus
739 1562 834 1643 pudor
847 1561 960 1623 Latinis
972 1562 1211 1640 sitjami‘uturus,
1219 1562 1323 1641 quibus
1333 1560 1392 1621 lin-

347 1691 416 1751 guam
434 1671 508 1731 ratio
530 1667 683 1749 persuasit,
703 1686 742 1727 ne
759 1667 818 1727 hoc
832 1668 972 1728 attentius
982 1678 1135 1728 curarent:
1154 1666 1315 1747 prasertim
1322 1682 1389 1725 cum

347 1776 490 1857 hagoedia
498 1774 681 1856 quoquehoc
687 1772 846 1853 admiserit,
857 1773 971 1855 gravium
980 1792 1051 1835 sane
1063 1772 1389 1853 aclongecastiuspoe·

329 1899 406 1941 una.
446 1877 654 1939 observantior
669 1876 850 1957 Sophocles:
869 1877 1025 1959 Euripides
1034 1877 1128 1938 minus
1139 1877 1303 1941 obnoxius:
1321 1895 1390 1937 nam

346 1984 442 2045 mitius
451 1982 586 2065 pepercit
597 1980 653 2041 illis
662 1980 790 2041 sedibus.
799 1986 932 2059 γλῦπαν
945 1983 967 2043 d'
978 1985 1183 2064 ἐπιορκήσασαν
1192 1983 1250 2061 ἰδίᾳ
1262 1995 1313 2054 τῆς
1326 1994 1390 2062 ppt·

349 2093 407 2158 νός.
450 2090 489 2150 Et
497 2088 531 2149 iu
542 2088 687 2149 Hecuba:
709 2092 747 2148 rel
761 2093 879 2167 σμίκρον
898 2089 1002 2170 ἔχοιμι,
1014 2092 1095 2149 πάντ’
1106 2090 1144 2150 ἃν
1152 2089 1305 2169 ἀρκούντως
1318 2088 1391 2166 ἔχοι.

350 2194 458 2277 Neque
472 2192 567 2255 soltua
580 2204 759 2274 anapestum
770 2193 889 2273 paribus
908 2193 1026 2256 sedibus
1039 2193 1137 2275 posuit
1149 2192 1216 2266 illis,
1236 2191 1289 2253 sed
1302 2191 1390 2251 etiam

349 2300 380 2363 iu
390 2300 500 2374 ultima,
509 2311 542 2360 ut
552 2300 582 2359 in
594 2300 700 2361 Oreste
712 2321 721 2361 t
742 2299 907 2380 uirovpydc,
920 2301 1000 2379 οἷπερ
1020 2302 1065 2359 sul
1076 2303 1157 2379 μόνοι
1170 2300 1288 2369 caidocus
1296 2302 1393 2360 πόλιν.

352 2407 449 2471 Quem
461 2404 486 2464 si
514 2404 687 2484 tribrachyn
700 2420 799 2476 voces,
814 2402 957 2483 syllabam
969 2422 1048 2464 nuuc
1061 2402 1207 2483 respicias,
1222 2422 1281 2463 uon
1292 2403 1391 2481 legem

349 2509 440 2581 illam,
453 2528 514 2588 qua
523 2508 624 2569 ultima
633 2508 759 2570 habettu
768 2508 947 2570 indifferens.
986 2509 1125 2569 Erasmus
1141 2518 1238 2569 autem
1250 2519 1332 2569 recte
1347 2526 1396 2568 se·

350 2613 435 2674 dibus
447 2614 605 2695 imparibus
616 2614 741 2689 dicebat,
765 2635 818 2696 pro
826 2614 927 2692 jambo
940 2626 1092 2695 receptum
1106 2615 1278 2698 spondeum,
1289 2612 1394 2691 dacty-

350 2719 422 2792 lum,
444 2719 621 2801 tribrachyn,
635 2731 836 2803 anapoestumt
857 2720 1151 2802 proceleusmaticum
1173 2731 1271 2780 autem
1289 2716 1392 2790 omisit,

349 2824 488 2906 quonism
508 2825 669 2884 excidisset
689 2826 850 2884 memoria:
871 2835 903 2886 et
917 2824 1067 2898 creticum,
1078 2844 1165 2905 quem
1184 2845 1255 2886 sane
1275 2833 1394 2904 putaret

286 2947 290 2956 ’
350 2947 409 2988 non
432 2925 556 2988 admitti.
597 2928 675 2988 Nam
695 2929 720 2988 si
738 2929 769 2986 in
781 2947 847 2988 eam
856 2929 956 2990 sedem
965 2950 1052 3010 posse
1058 2930 1149 3011 recipi
1168 2941 1323 3010 sperasset,
1332 2948 1393 2990 non

352 3034 444 3094 multa
456 3033 586 3094 carmina
594 3033 790 3096 subvertisset.
804 3034 1081 3096 Proceleusmaticus
1101 3047 1199 3096 autem
1208 3037 1340 3117 proxime
1353 3035 1393 3095 ad

352 3151 486 3200 naturam
496 3136 606 3219 dactyli
614 3138 739 3212 accedit,
748 3138 884 3202 differens
896 3140 1074 3220 syllabarum
1085 3161 1216 3217 numero,
1230 3153 1393 3222 temporum
1413 3129 1417 3135 ’

353 3243 494 3304 tractibus
513 3262 577 3323 par.
598 3242 703 3304 Tribus
713 3255 811 3326 autem
824 3245 918 3305 modis
932 3245 1078 3326 excipitur
1088 3266 1142 3326 pes
1152 3247 1213 3307 ille.
1245 3247 1393 3307 Autenim

353 3347 448 3408 mollis
461 3356 516 3420 est,
527 3357 616 3426 atque
630 3347 812 3410 adminiculis
829 3349 1004 3429 quibusdam
1021 3350 1139 3412 similior
1146 3351 1242 3414 factus
1252 3352 1393 3433 dactylos

355 3463 398 3526 ut,
416 3473 507 3534 genua
520 3454 630 3513 laborm
653 3456 753 3523 antea,-
764 3456 923 3532 parietibus.
943 3456 1067 3516 Duabus
1076 3457 1154 3517 enim
1166 3457 1314 3519 vocalibus
1325 3477 1399 3517 con·

354 3558 473 3630 stitutio,
483 3559 562 3639 prior
570 3558 754 3619 consonantis
763 3559 821 3618 vim
833 3560 979 3639 quandam
987 3561 1100 3622 videtur
1107 3561 1249 3624 obtinere.
1279 3565 1397 3623 Autest

356 3665 492 3747 apertior,
503 3677 537 3724 ut
556 3663 587 3723 in
598 3683 685 3724 versu
700 3663 854 3724 Enniano:
876 3644 1141 3741 capitibus'mrtastis
1150 3669 1241 3746 potos,
1259 3678 1398 3745 rectorque

355 3789 504 3847 cupressos.
518 3823 521 3829 r
533 3771 595 3828 Aut
606 3777 650 3828 est
658 3778 786 3840 coactus,
799 3767 943 3848 ademptis
956 3770 1181 3831 consonantibus
1188 3772 1291 3851 quibus
1310 3774 1397 3853 sylla·

357 3877 458 3936 barum
467 3874 593 3934 brevitas
614 3873 777 3953 impeditur.
791 3875 952 3950 cujusmodi
966 3851 1017 3936 'est
1035 3876 1066 3934 in
1079 3877 1208 3937 Andria:
1226 3879 1285 3936 aas
1296 3879 1399 3938 uvidis

357 3978 600 4048 lamentaverat,
625 3985 652 4036 et
676 3978 775 4071 amicos
796 3998 890 4054 pares.
927 3979 1033 4060 Itaque
1059 3979 1096 4039 ad
1109 3999 1177 4041 eum
1194 4000 1310 4042 versum
1329 4001 1397 4041 cmn

358 4083 524 4144 devenisset
541 4083 688 4156 Erasmus,
708 4101 803 4162 neque
816 4103 978 4162 agnoscere
996 4083 1085 4146 vellet
1097 4086 1399 4165 proceleusmaticum,

360 4207 450 4269 quem
469 4189 500 4248 in
519 4189 578 4250 suis
601 4189 714 4270 legibus
734 4209 794 4248 nou
816 4190 1019 4264 constituisset,
1043 4201 1074 4252 et
1093 4201 1210 4271 putaret
1233 4192 1401 4252 duriuscule

361 4293 474 4376 lieri,si
491 4295 637 4356 AEclicum
650 4295 795 4376 digamma
814 4295 987 4369 auferretur,
1012 4307 1046 4357 ut
1058 4298 1153 4358 exiret
1167 4299 1403 4378 proceleusmati-

363 4417 435 4459 cus:
457 4399 574 4458 sustulit
594 4409 706 4474 mmen,
726 4409 759 4460 ut
779 4399 963 4479 exciperetur
985 4401 1149 4462 tribrachus
1167 4402 1198 4460 in
1220 4401 1334 4462 duabus
1345 4403 1403 4482 pri·

364 4503 598 4587 cribussyllabis
619 4506 705 4586 hujus
727 4504 862 4581 nominis,
882 4505 999 4583 invidia,
1012 4517 1096 4568 etex
1118 4506 1231 4568 duabus
1248 4507 1402 4588 postremis
