3292 5575
370 696 447 755 xlvi*
540 698 673 759 JULll
704 696 920 759 cAEsAuts
951 690 1237 759 ecatluurtt

368 872 482 952 referto,
498 875 637 949 quodcum
650 876 780 935 mordeat.
822 876 916 935 Modo
925 874 1005 937 addit
1025 898 1102 947 nunc,
1116 877 1206 936 modo
1219 894 1291 946 moe,
1312 874 1401 934 modo

368 964 418 1048 ric,
433 978 520 1037 modo
534 982 633 1039 nescio
648 981 727 1060 quid.
769 982 835 1060 Ego
847 1002 918 1042 vero
930 982 1002 1040 nihil
1018 981 1225 1058 immutandum
1246 997 1352 1040 censeo
1362 979 1401 1037 de

369 1082 489 1141 consilio
502 1095 596 1161 poetes
609 1107 618 1144 r
640 1086 689 1163 qui
704 1086 846 1163 integrum
857 1088 1038 1166 proverbium
1051 1087 1127 1146 sicut
1140 1082 1401 1154 circunscrebatur,

369 1186 410 1247 ita
423 1187 584 1249 interseruit
597 1190 743 1250 trochaico
756 1201 858 1250 tractu.
873 1211 962 1271 quare
975 1192 1113 1251 audacius
1127 1191 1222 1261 etiam,
1241 1190 1401 1258 emordet,
1464 1263 1467 1279 Ι

369 1293 548 1370 suppositum
572 1304 626 1355 est.
666 1296 745 1355 Nam
766 1295 873 1373 siquid
894 1296 996 1367 addas,
1013 1316 1116 1364 ,versus
1139 1316 1199 1357 non
1221 1291 1402 1353 constetrsi

370 1395 438 1453 nihil
453 1396 553 1469 addas,
562 1398 600 1457 ad
613 1399 845 1459 concinnandum
858 1399 1035 1459 trochaicum
1044 1399 1116 1457 nihil
1124 1409 1168 1459 est
1178 1417 1260 1477 opus.
1293 1397 1333 1454 Et
1344 1401 1416 1453 non'

369 1500 462 1559 solum
472 1500 529 1559 hoc
539 1501 671 1581 exemplo
685 1503 715 1561 in
735 1503 865 1564 omuibus
876 1505 982 1583 legitur
1000 1503 1223 1583 exemplaribus,
1242 1502 1296 1562 sed
1316 1500 1403 1559 etiam

367 1604 472 1664 'eadem
480 1606 538 1665 fide
548 1608 879 1670 recitatumaCicerone
888 1612 918 1668 in
926 1610 1049 1689 epistola
1058 1609 1097 1668 ad
1107 1606 1275 1668 Lentulum.
1295 1605 1404 1667 veum

370 1710 505 1788 apposuit
517 1711 579 1789 pari
592 1711 713 1772 audacia
730 1713 910 1785 adverbium,
921 1734 999 1784 nunc,
1019 1712 1047 1771 ei
1059 1710 1173 1771 versui:
1194 1711 1344 1805 clippuctc
1356 1708 1405 1767 lo·

370 1824 443 1875 ueste
456 1836 506 1891 quc
519 1820 595 1875 modo
614 1819 674 1877 diac
685 1820 784 1889 odeum,
805 1819 907 1880 nescio.
945 1818 1052 1895 Neque
1071 1817 1149 1875 enim
1161 1814 1269 1874 vocalis
1279 1813 1403 1885 eliditur,

370 1919 423 1977 sed
436 1932 548 1998 perstat
561 1921 648 1999 longa
660 1933 728 1983 ante
742 1923 945 2001 aspirationem
958 1920 1096 1992 adverbii,
1107 1920 1183 1978 linc.-
1203 1931 1233 1977 et
1239 1916 1404 1977 trochaicus

370 2022 497 2083 decurrit
521 2026 684 2085 octonarius
706 2015 901 2087 catalecticus.
941 2025 1024 2085 Sicut
1045 2024 1076 2084 in
1096 2024 1186 2083 verbo
1206 2021 1404 2101 monosyllabo

370 2127 451 2186 nulla
458 2127 527 2188 item
541 2128 651 2189 collisio
661 2130 704 2201 lit,
719 2150 813 2209 neque
823 2131 854 2190 in
869 2130 1017 2202 adverbio,
1027 2150 1064 2191 eo
1076 2150 1170 2202 versu,
1184 2130 1405 2200 araneum

256 2318 258 2323 ι
371 2244 401 2293 te
424 2234 636 2305 aerol'loedriu,
657 2237 668 2293 i
687 2236 770 2305 iutro,
785 2238 842 2307 toi,
868 2239 924 2296 let.
964 2234 1101 2313 Corrupit
1121 2234 1208 2294 etiam
1229 2232 1405 2313 syllabarum

372 2340 571 2417 quantitates:
592 2351 624 2399 ut
641 2341 671 2399 in
685 2340 734 2399 illo
748 2341 879 2419 ejusdem
898 2339 1024 2400 fabulae:
1044 2340 1158 2409 sic‘ert,
1179 2338 1312 2397 hominm
1330 2338 1406 2395 lodie

368 2464 462 2521 parem
484 2447 529 2503 ati
545 2448 598 2523 *pel
618 2446 738 2527 referum
758 2447 888 2525 gratiam.
928 2445 1024 2503 Ausus
1046 2454 1092 2503 est
1118 2444 1216 2502 dicere
1239 2441 1407 2502 adverbium

370 2549 455 2621 lodie,
466 2550 586 2629 primam
599 2550 776 2629 producere:
791 2550 936 2631 quoniam,
950 2548 1052 2628 inquit,
1072 2549 1151 2608 idem
1164 2547 1212 2619 sit,
1226 2567 1262 2609 ac
1276 2548 1301 2607 si
1313 2547 1405 2617 dicas,

370 2653 419 2712 loc
433 2654 483 2714 die.
525 2655 565 2713 At
578 2654 656 2733 quod
670 2674 810 2733 nusquam
824 2665 878 2727 est,
892 2665 998 2714 narrat.
1038 2652 1117 2713 Nam
1132 2671 1200 2711 curn
1210 2662 1264 2722 est,
1279 2650 1335 2710 hoc
1347 2649 1405 2721 die,

369 2768 488 2838 propter
500 2758 671 2838 positionem
681 2759 862 2839 producitur.
902 2761 979 2820 Nam
993 2768 1097 2838 suapte
1117 2768 1220 2818 natura
1231 2757 1321 2817 breve
1340 2775 1407 2836 pro·

370 2883 478 2923 nomen
491 2875 556 2923 est:
579 2865 655 2923 sicut
665 2870 727 2940 ejus
742 2885 870 2944 compar,
885 2867 937 2924 lic.
958 2864 1091 2924 Grecum
1102 2864 1179 2923 enim
1192 2873 1247 2935 est,
1260 2863 1286 2933 d,
1307 2865 1406 2929 Quare

370 2968 442 3028 illud
455 2969 663 3046 virgilianum:
686 2969 805 3028 lecerat
819 2971 890 3028 ulmo
899 2988 1007 3044 pererra.
1048 2968 1117 3028 Non
1127 2969 1221 3028 solum
1233 2977 1353 3047 propter
1365 2964 1408 3025 in·

371 3073 607 3151 terrogationem‚
622 3073 779 3133 sedetiam
800 3074 838 3133 ob
859 3073 978 3153 syllabae
1001 3074 1178 3147 servitutem,
1190 3074 1302 3152 legunt,
1315 3073 1404 3142 locor,

370 3178 448 3257 iiqui
462 3177 612 3238 existimati
623 3190 688 3238 sunt
702 3178 858 3240 doctiores.
876 3181 966 3239 breve
976 3179 1053 3238 enim
1063 3178 1153 3238 fuisse
1163 3179 1211 3238 vel
1222 3179 1292 3238 inde
1305 3177 1408 3256 depre-

370 3281 515 3353 henditur,
534 3282 583 3341 ubi
597 3295 774 3344 consonante
792 3284 897 3343 amissa
918 3283 948 3341 in
966 3283 1113 3355 adverbio,
1135 3284 1220 3354 lodie,
1239 3289 1407 3361 correptum

372 3398 436 3446 est:
456 3387 536 3466 quod
550 3380 636 3448 ctiam
644 3388 779 3467 exemplo
792 3388 921 3449 invenias
934 3409 971 3448 ex
983 3409 1070 3448 versu
1084 3391 1232 3469 Hecyroe:
1254 3392 1407 3448 msam'eet.

372 3500 507 3552 certene?
526 3501 598 3552 certe
609 3493 789 3552 Derrasumai
801 3495 961 3554 locitaert.
975 3513 1068 3555 verum
1088 3495 1214 3570 reperies.
1254 3493 1310 3554 Est
1329 3493 1407 3554 enim
1485 3541 1489 3546 .

372 3616 542 3678 pronomen,
553 3599 610 3667 loc,
632 3599 761 3658 secunda
781 3599 892 3678 syllaba
905 3597 1022 3677 dactyli,
1035 3598 1084 3677 qui
1094 3599 1124 3656 in
1142 3599 1244 3676 quinta
1258 3598 1329 3658 sede
1342 3608 1408 3658 est:

372 3701 560 3779 quamobrem
580 3722 688 3772 versus,
703 3703 741 3762 de
760 3723 818 3782 quo
832 3708 913 3762 nunc
935 3702 1130 3762 controversia
1152 3714 1208 3773 eet,
1229 3703 1409 3782 septenarius

373 3805 575 3880 estjambicus,
586 3807 616 3864 in
630 3807 760 3867 convivio
778 3820 876 3868 autem
889 3809 1015 3886 poetico,
1031 3808 1111 3866 illum
1135 3828 1175 3867 err
1197 3807 1333 3867 Eunuchi
1344 3827 1410 3886 pro·

372 3910 460 3989 logo:
481 3912 561 3970 dobeo
583 3913 663 3970 ulium
678 3915 737 3970 ulta
760 3933 817 3988 que
840 3917 909 3972 aurrc
922 3913 1218 3972 cmdoaubuutur:'ait
1235 3913 1407 3972 mendosum

373 4036 462 4077 esses
483 4017 668 4096 nequeenim
688 4028 837 4077 scazontes
858 4018 888 4076 in
907 4038 945 4077 ea
966 4022 1076 4096 genera
1098 4017 1254 4076 carminum
1274 4014 1389 4075 admitti
1399 4017 1411 4075 ε’

373 4120 471 4198 itaque
484 4134 518 4181 ut
533 4127 658 4181 metrum
677 4121 844 4200 corrigeret,
857 4122 984 4201 linguam
998 4121 1133 4182 Latinam
1151 4121 1326 4205 depravavit,
1340 4139 1409 4179 cum

373 4225 534 4303 supposuit,
546 4227 751 4285 condonabitur.
791 4225 868 4284 Nam
891 4226 956 4304 quis
979 4225 1068 4296 dicat,
1091 4235 1122 4284 ta
1135 4226 1327 4285 condoncberie
1339 4243 1357 4281 a
1368 4243 1410 4282 are

373 4332 592 4390 meratus
632 4333 679 4389 An
699 4350 769 4391 vero
787 4331 874 4392 etiam
887 4331 1060 4411 deperditae
1073 4348 1158 4390 ausus
1171 4338 1225 4401 est,
1246 4338 1277 4388 et
1294 4338 1409 4388 rectum

375 4452 520 4513 apponere
534 4445 630 4494 temen
641 4435 770 4496 'cmuml
810 4441 851 4493 At
871 4453 926 4512 ego
948 4446 1019 4515 puto
1031 4446 1145 4496 veteres
1165 4433 1313 4495 excitandi
1325 4451 1432 4512 spect

377 4547 486 4599 totores
499 4539 601 4619 gratie,
623 4559 718 4601 nrevos
741 4540 832 4602 hosce
855 4541 1040 4620 aspersisset·
1054 4561 1149 4621 neque
1168 4542 1199 4601 in
1217 4561 1255 4602 ea
1275 4539 1412 4600 refulsus
1435 4536 1439 4542 ’
