3292 5575
292 660 356 721 ιιι*
586 658 711 721 u1v11
744 656 1056 719 CAS'l'lGATlh.

290 838 451 920 principem
470 847 621 919 poetarum
633 836 787 917 Virgilium
801 856 871 917 sepe
884 834 1034 897 factitasse
1049 846 1173 898 sonent.
1214 838 1293 899 Nam
1306 850 1341 899 nt

288 946 455 1007 tarditatem
468 944 510 1004 rei
523 942 778 1021 difficultatemque
788 941 952 1022 exprimere
966 962 1034 1003 cum
1044 944 1118 1023 vult,
1129 942 1240 1005 crebris
1249 962 1341 1025 spon.

292 1050 355 1112 deis
367 1074 375 1113 t
389 1051 432 1111 ita
440 1070 507 1111 eum
521 1048 700 1111 celeritatem
710 1058 742 1107 et
751 1048 831 1108 velut
840 1048 982 1129 impetum
993 1059 1024 1109 et
1032 1049 1258 1124 festinationem,
1270 1051 1340 1113 daca

290 1154 359 1235 tylis
376 1153 580 1235 frequentibus
599 1152 701 1213 utitur.
724 1152 835 1213 Prioris
850 1154 1018 1234 exemplum
1038 1154 1112 1215 illud
1129 1164 1176 1215 est
1196 1175 1234 1216 ex
1251 1156 1341 1217 tertio

211 1333 214 1341 Ι
289 1258 443 1333 AEueidos,
457 1260 550 1319 maisi
563 1266 688 1336 torqueat
707 1278 815 1335 spamus
836 1269 862 1319 et
883 1261 982 1319 carah
1001 1270 1124 1322 wurdt.
1164 1261 1340 1331 Posterioria

287 1364 363 1424 illud
386 1379 425 1424 ex
449 1375 564 1445 quarto,
585 1365 655 1422 idun
679 1384 767 1423 omncs
789 1366 871 1425 umal
894 1366 978 1423 ordor
1000 1366 1089 1437 dohet,
1112 1368 1271 1447 repientqae
1291 1388 1340 1429 rs·

287 1480 398 1549 astque.
439 1470 551 1531 Littera
563 1472 709 1542 deseruere,
724 1474 779 1531 dre.
822 1471 884 1531 Sed
903 1470 989 1531 nimis
1001 1471 1103 1545 ruulta,
1117 1471 1156 1532 de
1169 1492 1203 1533 re
1216 1490 1340 1554 presen-

288 1578 339 1636 tim
361 1576 428 1637 lesi.
459 1574 638 1636 Observabit
661 1572 726 1637 hoec
748 1576 862 1655 aliaque
881 1576 914 1636 id
929 1595 1022 1655 genus
1034 1596 1140 1657 perosa
1157 1578 1222 1658 ipse
1242 1580 1341 1643 lector

286 1680 443 1769 studiosus.
471 1680 549 1740 Illud
567 1700 625 1741 non
633 1682 837 1763 ignorandum,
857 1682 997 1755 comicos,
1010 1703 1037 1757 s,
1049 1682 1164 1745 literam
1177 1704 1340 1747 conanum·

287 1799 349 1849 tem
362 1788 440 1849 haud
447 1806 534 1849 secus
546 1788 656 1850 elidere
664 1789 776 1861 nolitne,
793 1808 830 1849 ac
843 1788 985 1850 sivocalis
999 1800 1088 1861 esset,
1100 1789 1189 1870 idque
1198 1790 1341 1871 frequen.

286 1894 414 1955 tissime:
435 1897 515 1975 qnod
536 1905 566 1957 et
583 1892 711 1955 Ennium
725 1895 754 1953 in
767 1894 903 1965 heroicis,
929 1905 961 1953 et
979 1893 1188 1957 remstissimos
1208 1916 1340 1977 quosque

286 1999 386 2061 facere
406 2000 605 2075 consuevisse,
624 2013 659 2061 ut
676 2013 707 2061 et
726 2000 881 2081 Virgilium
901 2000 1029 2075 interim,
1044 2001 1126 2062 docti
1146 2012 1341 2075 annotanrnt3

287 2107 369 2168 velut
387 2107 417 2166 in
440 2108 559 2182 Andria,
585 2110 664 2168 denis
684 2128 725 2167 me
747 2108 850 2167 relictis
871 2108 949 2167 redas
962 2108 1053 2186 jussis
1071 2108 1260 2185 Pnsnpds'lam:
1287 2107 1338 2169 blo

287 2212 382 2292 prims
396 2213 516 2292 regione
541 2224 706 2293 anapestus
720 2223 775 2284 est,
796 2232 820 2285 s,
842 2212 925 2274 eliso.
955 2213 994 2273 ln
1012 2212 1167 2287 Eunucho,
1185 2216 1339 2295 jugulam

287 2317 444 2379 hominem.
457 2318 527 2399 quid
540 2319 612 2379 ille?
633 2320 696 2379 Tu.
711 2318 811 2379 Mutus
827 2317 903 2378 ilico.
919 2317 1023 2378 Hicin
1033 2319 1291 2398 verbojsgulsras,
1311 2339 1337 2390 s,

288 2422 407 2485 eliditur
416 2446 426 2485 t
436 2435 468 2484 ut
477 2424 517 2485 sit
526 2425 658 2485 secundo
677 2425 743 2484 loco
760 2434 938 2503 anapaestus,
952 2422 1040 2485 tertio
1049 2424 1175 2501 jambus.
1194 2424 1260 2483 Nisi
1272 2424 1339 2504 quis

290 2529 390 2590 dicere
403 2529 480 2591 ausit
499 2550 660 2609 pronomen
681 2530 735 2601 ille,
753 2527 836 2589 velut
858 2529 959 2588 ablato
977 2528 1071 2589 altero
1084 2527 1105 2599 1,
1119 2527 1235 2609 corripi,
1254 2541 1338 2589 more

288 2633 507 2715 imitationeque
522 2635 704 2707 Gesandrum,
718 2634 800 2715 quod
819 2635 864 2713 (ut
884 2652 941 2713 ego
957 2632 1064 2710 sentio)
1077 2635 1167 2714 paulo
1184 2634 1275 2694 suerit
1288 2652 1339 2693 eo·

287 2741 388 2802 actius.
404 2742 543 2809 Quamvis
554 2741 633 2823 apud
644 2740 733 2802 hosce
744 2740 839 2802 fateor
849 2740 972 2802 alteram
981 2758 1190 2820 nonnunquam
1199 2737 1237 2800 de
1247 2737 1339 2819 gerni·

287 2846 363 2908 natis
377 2847 605 2907 consonantibus
623 2848 653 2906 in
673 2867 759 2908 versu
772 2847 836 2906 tolli
851 2852 921 2906 norb
935 2848 1134 2926 παρέλλειψιν,
1145 2864 1205 2924 qno
1225 2844 1339 2925 syllaba

287 2953 387 3033 positu
397 2953 486 3030 longa
497 2952 601 3031 corripi
616 2962 714 3031 queat.
735 2952 776 3011 Et
789 2951 886 3012 solent
900 2951 999 3012 Latini
1007 2952 1038 3010 in
1047 2951 1146 3012 multis
1160 2951 1337 3031 (utdiligen-

284 3070 332 3120 ter
350 3057 500 3118 adnotavit
522 3057 701 3136 Priscianus)
715 3057 830 3117 initium
851 3055 969 3135 aliquod
990 3057 1167 3137 accipientes
1180 3075 1200 3115 a
1213 3056 1338 3130 Graecia,

288 3164 326 3223 ab
340 3173 464 3244 angusto
477 3163 507 3222 iu
519 3162 642 3224 effusum
665 3162 793 3222 licentia
814 3164 936 3244 spatium
957 3164 1015 3224 hoc
1036 3164 1170 3241 dilatare.
1205 3161 1266 3222 Sed
1279 3163 1338 3223 boc

288 3287 351 3327 suoe
364 3273 506 3348 cujusque
520 3270 699 3347 conjecturae
714 3268 856 3348 relinquo.
870 3267 949 3328 lllud
963 3266 1082 3348 quidem
1094 3286 1155 3327 non
1168 3279 1214 3328 est
1227 3279 1261 3327 ut
1273 3268 1338 3328 inti·

289 3371 361 3434 ciari
380 3393 495 3454 queam,
518 3373 610 3435 videri
634 3373 782 3436 interdurn
802 3375 823 3446 l,
846 3373 915 3434 elidi
938 3374 1019 3454 apud
1039 3374 1184 3452 cornicum
1197 3386 1339 3449 nostmm,

288 3478 403 3560 quoties
416 3480 493 3541 adeo
512 3499 675 3561 pronomen
695 3481 759 3540 ille.-
779 3480 856 3540 utin
869 3481 1026 3554 Eunucho,
1040 3480 1208 3540 Manendum
1227 3490 1268 3540 est
1287 3481 1339 3540 soli

287 3585 345 3644 sias
358 3585 414 3660 illa,
429 3586 496 3664 qaid
512 3595 569 3646 tum
583 3595 700 3664 posteo?
722 3587 759 3646 In
773 3587 927 3649 Heauton.
968 3588 1031 3646 Nec
1045 3587 1095 3646 tibi
1114 3588 1159 3646 ille
1171 3595 1213 3646 est
1230 3588 1338 3647 credere

288 3711 378 3764 mens,
393 3710 452 3770 quc
465 3701 505 3752 est
518 3711 619 3770 equom
633 3693 719 3770 patri.
734 3692 770 3752 Iu
785 3692 942 3773 Adelphis,
955 3693 1021 3771 quid
1032 3693 1057 3751 is
1066 3692 1162 3774 fecit?
1189 3693 1246 3752 De.
1262 3691 1338 3761 Quid

286 3798 332 3858 ille
342 3798 471 3880 fecerit?
502 3817 578 3874 quesn
598 3818 682 3875 neque
700 3800 793 3874 pudet.
836 3798 872 3857 ln
895 3777 1027 3878 Hecyra,
1051 3818 1105 3857 aon
1123 3799 1174 3857 tibi
1190 3799 1336 3879 illodsac·

288 3914 346 3964 tam
366 3905 452 3963 nunus
466 3904 558 3981 placet
579 3923 657 3980 quma
673 3905 739 3963 mili
753 3903 853 3964 Lache
894 3906 930 3963 ln
944 3903 1132 3977 Phormione,
1145 3905 1191 3964 ille
1203 3905 1251 3981 qui
1262 3905 1337 3963 idom

286 4009 553 4089 mnobafidiciaom
562 4010 753 4080 tantumodo,
762 4013 817 4069 &c-
860 4009 936 4070 Sunt
948 4010 980 4070 id
993 4029 1086 4090 genus
1099 4019 1243 4070 sexcenta
1254 4008 1336 4089 apud

254 4132 257 4139 ·
290 4114 472 4176 Terentium.
493 4115 596 4176 Fuisse
610 4125 709 4174 autem
723 4135 791 4176 cum
802 4135 863 4176 non
876 4117 1074 4194 geminaretur
1087 4115 1108 4188 l,
1121 4114 1152 4174 in
1161 4115 1220 4176 hoc
1229 4133 1336 4193 prono·

288 4221 377 4295 mine,
386 4220 487 4280 videor
500 4239 539 4280 ex
555 4219 624 4281 Sex.
636 4219 779 4300 Pompeio
787 4219 1016 4301 deprehendisse
1029 4221 1103 4280 libro
1114 4219 1140 4278 1.
1154 4219 1337 4298 παρελλὲιψει

286 4326 534 4406 contrariafigura
546 4336 592 4385 est
606 4323 826 4406 διπλασιασμός,
846 4345 905 4406 qua
917 4325 981 4406 ipsa
993 4306 1163 4405 frequenter
1175 4333 1266 4403 poeta
1279 4322 1337 4382 uti-

287 4444 337 4492 tur
350 4431 389 4492 ad
399 4429 618 4512 producendam
632 4428 774 4511 syllabam
783 4429 871 4510 aliqui
881 4431 1019 4490 brevem:
1038 4428 1112 4489 utin
1126 4426 1271 4508 Adelphis
1284 4431 1337 4488 rel-

287 4541 388 4619 liqaam
400 4557 455 4620 pro
467 4539 609 4616 reliquam,
621 4547 652 4599 et
665 4537 737 4599 alibi
754 4537 859 4609 rettuli,
873 4537 987 4614 repperi,
1000 4546 1090 4616 atque
1108 4535 1141 4596 id
1153 4554 1249 4616 genua
1268 4534 1334 4597 elid-
