3292 5575
335 698 337 701 ’
370 702 421 771 lx!
561 702 846 763 JOACHIMUS
881 706 1206 768 CAMERARIUS

367 879 417 939 illa
434 882 585 942 vixerunt:
608 881 662 941 sed
677 882 838 955 Ciceronis,
854 896 885 944 ut
898 886 1035 968 principis
1048 898 1079 947 et
1092 887 1204 949 autoris
1222 824 1337 948 Latinae
1351 886 1407 945 lin·

364 1004 444 1065 guse,
458 986 497 1045 de
510 1006 569 1066 quo
582 986 650 1047 alibi
664 987 848 1049 disseruimus
868 991 1023 1069 copiosius,
1045 1010 1113 1051 cum
1133 1001 1237 1052 contre
1249 990 1408 1071 reprehen-

368 1110 449 1151 sores
462 1090 547 1167 hujus
561 1091 649 1151 studii
663 1092 885 1172 disputaremus
908 1096 983 1155 lime
998 1105 1095 1155 autem
1109 1094 1159 1175 qui
1172 1095 1364 1189 perspexerit,
1375 1094 1407 1153 in

368 1194 510 1257 Plautinis
520 1207 552 1257 et
561 1196 743 1259 Terentianis
756 1200 872 1281 scriptis
884 1200 924 1261 ιιι
931 1200 1103 1272 versabitur
1116 1212 1151 1259 ut
1163 1200 1245 1279 quasi
1255 1199 1406 1259 materiam

370 1302 508 1363 orationis
513 1304 612 1377 ιι,οιιι
624 1305 692 1366 etsi
711 1305 755 1366 sas
768 1307 852 1367 uobis
864 1318 911 1367 ιιι
923 1308 1032 1378 dicere,
1047 1305 1222 1387 eloquentiae
1243 1304 1356 1365 latinas
1367 1304 1407 1365 nb

366 1406 423 1469 illis
433 1420 535 1483 tremat,
552 1429 648 1491 neque
667 1411 696 1469 in
710 1410 830 1473 delectu
840 1414 888 1472 rel
900 1413 1053 1473 verborum
1065 1411 1113 1470 rel
1125 1410 1284 1489 figurarum
1296 1427 1407 1469 sermo·

269 1520 272 1529 “
366 1514 411 1575 nis
424 1514 635 1578 allucinabitur.
658 1517 717 1578 Sed
725 1518 764 1577 de
776 1517 835 1579 hoc
843 1518 1014 1594 jamdudum
1024 1515 1105 1576 satis.
1125 1513 1174 1575 De
1184 1514 1405 1575 comrcoautem

365 1621 492 1682 carmine
505 1622 561 1682 etsi
573 1622 621 1683 alii
635 1625 786 1704 scripsere,
809 1641 875 1705 quse
893 1636 924 1684 et
941 1619 1117 1702 magnifacio
1129 1630 1161 1678 et
1182 1618 1286 1698 probo,
1307 1626 1406 1677 tamen

365 1739 464 1787 nostro
477 1748 594 1807 quoque
612 1730 706 1789 studio
721 1730 857 1791 existimo
869 1730 967 1791 adhuc
982 1728 1042 1788 loci
1054 1724 1163 1805 eliquit
1182 1724 1317 1785 relictam
1329 1742 1405 1783 esse.

366 1830 441 1891 Cum
455 1850 501 1891 res
522 1831 572 1891 illa
593 1832 709 1931 quidem
729 1832 872 1912 ejusmodi
885 1832 932 1905 sit,
950 1844 984 1893 ut
1002 1831 1119 1913 penitus
1140 1826 1361 1908 comprehendi,
1374 1836 1405 1886 et

364 1937 492 1997 omnium
513 1936 599 1997 etium
612 1937 762 2017 diligentia
775 1958 859 2019 quast
849 1938 1019 1999 enucleari
1039 1937 1084 1997 nis
1097 1932 1273 2016 temporinos
1290 1949 1402 2010 nequa·

362 2058 449 2120 quam
461 2061 548 2121 posse
561 2042 704 2102 videntur.
724 2045 791 2110 Quo
805 2054 904 2105 autem
917 2054 963 2102 est
976 2040 1115 2103 difficilior
1126 2040 1219 2111 labor,
1233 2058 1271 2098 eo
1284 2035 1403 2098 assidui·

362 2146 430 2207 tatis
454 2146 647 2225 plusculum
638 2167 669 2205 m
681 2146 854 2227 vestigando
874 2147 1006 2209 adhiberi
1030 2146 1175 2207 convenit.
1202 2144 1284 2205 Nihil
1304 2153 1403 2204 autem

362 2262 423 2311 tom
437 2262 482 2313 est
494 2254 665 2325 abstrusum,
681 2254 719 2314 de
733 2274 791 2333 quo
803 2274 863 2314 non
878 2253 1033 2335 aliquid,
1009 2274 1034 2313 ιι
1055 2254 1158 2333 sepius
1168 2261 1199 2313 et
1209 2249 1339 2312 studiose
1349 2266 1403 2308 ex·

360 2358 499 2439 ιιιίιιιιιι,
512 2359 573 2419 erui
586 2378 675 2440 posse
688 2359 863 2440 sperandum
876 2359 933 2419 sit.
945 2360 976 2419 rd
988 2363 1044 2438 γὰρ
1054 2358 1232 2436 turrigeros,
1244 2341 1338 2434 inquit
1347 2353 1401 2413 So·

359 2462 492 2544 phocles,
497 2464 616 2537 ἁλωτὸν,
625 2466 747 2546 ἐκφεύγει
756 2464 1012 2546 δὲιᾶμιλιῦμενιν
1032 2462 1240 2524 Minmsusem
1250 2470 1330 2520 certe
1339 2468 1400 2518 tur·

358 2586 399 2647 pe
413 2576 466 2639 est,
477 2566 507 2627 in
520 2586 557 2628 eo
570 2566 588 2627 d
602 2586 660 2649 quo
673 2570 897 2649 quamplurimos
909 2568 1078 2648 magnitudo
1091 2579 1122 2628 ιι
1134 2563 1400 2629 obscrnr'tasdeter-

359 2672 459 2745 ruerit,
474 2672 656 2753 quantumvis
669 2674 810 2746 modicos,
828 2693 915 2753 quam
933 2672 1049 2735 illorum
1068 2672 1198 2752 vestigiis
1217 2663 1400 2731 insistentem

358 2778 455 2840 nullos
468 2799 640 2860 progressus
653 2778 770 2841 fecisse.
797 2778 831 2840 Si
841 2791 940 2840 tamen
953 2789 1000 2839 eat
1012 2778 1089 2840 adeo
1101 2777 1190 2858 digna
1202 2798 1259 2852 res,
1271 2776 1322 2837 nbi
1335 2774 1400 2856 quis

357 2905 463 2946 nervos
475 2884 608 2944 intendat
620 2903 697 2955 suos,
708 2895 742 2942 ut
755 2883 797 2944 eit
810 2883 976 2944 Terentius.
996 2883 1085 2956 Quod
1095 2883 1213 2963 quidem
1221 2885 1261 2944 ita
1271 2901 1335 2945 esse
1345 2901 1399 2941 no·

357 2991 404 3050 bis
427 3007 598 3070 persuasum
611 3001 664 3058 est,
680 3001 711 3049 et
723 2999 986 3050 senseruutomnes
996 2991 1045 3069 qui
1056 2989 1181 3070 aliquam
1199 2989 1309 3049 famam
1329 3005 1397 3048 eru-

357 3093 476 3155 ditionis
497 3094 658 3155 litterarum
675 3103 707 3154 et
728 3094 869 3156 docuinae
882 3095 1030 3157 consecuti
1043 3095 1170 3156 suerunt.
1192 3095 1266 3156 Cum
1280 3093 1398 3174 quidem

356 3212 416 3258 non
427 3199 521 3259 solum
543 3198 646 3259 bestiae
659 3198 881 3260 demulceantur
897 3219 1051 3260 numeroso
1064 3219 1146 3271 sono,
1160 3199 1213 3260 sed
1225 3197 1397 3260 solitudines

357 3303 444 3364 etiam
457 3313 544 3383 etque
558 3304 637 3364 silrm
650 3303 733 3384 quasi
755 3303 923 3378 afficiantur,
944 3304 986 3364 ita
997 3305 1193 3385 respondeant
1214 3303 1398 3365 canuimbus.

295 3465 298 3470 .
356 3409 416 3477 Qui
425 3429 570 3470 musarum
581 3409 716 3490 reliquias
727 3411 756 3468 in
767 3429 837 3470 cura
848 3411 989 3471 bonarum
1003 3411 1107 3470 artium
1120 3429 1179 3470 non
1192 3411 1397 3491 amplecterer,

355 3513 403 3574 rel
420 3513 507 3573 stiam
520 3523 696 3586 contemnet,
711 3533 779 3574 eum
791 3533 846 3574 nos
858 3515 977 3594 quidem
989 3515 1075 3575 nimis
1088 3525 1139 3574 aut
1150 3513 1332 3576 fastidiosum
1345 3524 1397 3576 ιιι

355 3619 508 3680 barbarum
531 3637 648 3699 quoque
661 3639 727 3680 esse
740 3620 948 3697 judicabimus.
974 3621 1039 3682 Etsi
1056 3620 1181 3708 fatemru
1198 3622 1228 3682 in
1240 3621 1299 3681 hac
1311 3631 1397 3702 parte

354 3743 613 3804 supervacaneum,
627 3735 658 3785 et
675 3725 706 3785 in
718 3726 846 3805 quodam
858 3726 1031 3788 inconcesso
1051 3747 1149 3788 umora
1162 3744 1308 3788 musarum
1320 3724 1397 3784 insa·

353 3849 422 3888 num
435 3830 562 3890 studium
573 3829 703 3910 impendi
713 3850 774 3890 non
788 3841 935 3911 oportere,
949 3851 987 3893 ue
1000 3841 1166 3911 sequentes,
1175 3831 1309 3892 volucres
1319 3830 1395 3902 illes,

352 3935 412 3994 lroc
424 3933 545 4015 remigio
555 3935 697 4009 destituti,
711 3948 744 3996 ut
758 3935 794 3996 ds
810 3937 955 4018 Pyrenen
967 3938 1074 3997 fabulae
1087 3939 1216 4012 trudunt,
1229 3938 1260 3997 in
1272 3934 1393 3997 exitium

351 4059 406 4100 nos
420 4041 644 4122 praecipitemus.

354 4169 359 4176 ·
395 4145 456 4206 Sed
469 4147 507 4206 ad
520 4168 582 4209 rem
596 4147 788 4209 secedamus:
812 4167 910 4229 pauca
926 4150 1044 4229 quidem
1057 4151 1138 4231 quasi
1159 4148 1274 4231 prelati
1288 4148 1326 4207 de
1338 4145 1393 4206 lro·

350 4269 415 4310 rom
428 4252 598 4330 scriptorum
610 4271 729 4332 genere.
770 4252 906 4314 Comicus
918 4256 1007 4334 poeta
1024 4254 1080 4315 suit
1101 4255 1233 4316 Plautus.
1273 4255 1392 4314 come·
1502 4282 1506 4293 ·

349 4359 401 4419 dia
413 4369 511 4418 autem
525 4373 569 4421 ιιι
582 4380 687 4440 poema
700 4362 878 4443 δραματικὸν,
890 4363 949 4422 lroc
958 4372 1014 4434 est,
1029 4362 1174 4442 expositio
1184 4376 1347 4430 numerosa,
1362 4357 1394 4416 id

351 4475 408 4536 eat,
421 4465 550 4525 carmine
567 4467 783 4548 comprehensa,
800 4467 873 4527 etin
887 4469 1034 4529 actlonem
1046 4469 1196 4549 implicita,
1217 4486 1271 4527 seu
1284 4464 1392 4526 collatu

280 4623 282 4632 ,
349 4569 379 4627 in
392 4587 540 4649 personas,
554 4573 717 4651 argumenti
730 4571 800 4647 fieti,
816 4573 855 4634 de
870 4575 968 4648 rebus,
982 4573 1107 4648 curibus,
1121 4572 1245 4653 negotiis
1257 4569 1358 4631 sumtis
1372 4585 1390 4628 e
