3292 5575
370 693 459 758 xciv*
622 697 686 759 DE
718 697 905 762 METRIS
935 698 1147 760 COMICIS.

411 883 459 940 10.
481 878 527 937 Ex
535 879 636 953 jembo
649 889 680 938 et
692 879 832 951 trocboeo,
846 879 1031 958 antispastus.
1148 889 1150 902 '

411 989 460 1044 11.
481 983 530 1043 Ex
543 983 690 1064 pyrrichio
703 994 735 1043 et
747 985 888 1064 spondeo,
898 983 1010 1044 ionicus
1020 1003 1038 1042 n
1050 982 1171 1042 minore.

411 1092 460 1148 12.
481 1088 529 1168 Ex
543 1089 676 1167 spondeo
690 1088 886 1169 etpyrn'chio,
897 1089 1008 1149 ionicus
1023 1107 1041 1147 u
1054 1093 1174 1162 majore.

411 1197 460 1252 18.
481 1193 529 1251 Ex
541 1193 671 1252 trocbseo
684 1205 714 1252 et
733 1194 875 1272 spondeo,
889 1191 1191 1271 trocheo-spondeus,
1206 1209 1260 1251 seu
1279 1187 1410 1268 epitritus

370 1297 528 1358 secundus.

412 1406 460 1463 14.
481 1403 528 1461 Ex
541 1402 674 1482 spondeo
687 1413 718 1462 et
730 1402 868 1473 trochoeo,
891 1400 1188 1481 spondeo.trochaeus,
1202 1417 1256 1459 seu
1279 1397 1411 1478 epitritus

371 1516 499 1585 quartus.

411 1615 460 1672 15.
482 1611 528 1669 Ex
535 1612 636 1686 jnmbo
651 1623 682 1672 et
694 1612 835 1691 spondeo,
850 1611 981 1691 epitritus
993 1611 1111 1690 primus.

413 1721 459 1786 16,
480 1715 530 1774 Ex
543 1716 675 1796 spondeo
689 1727 720 1776 et
727 1716 835 1791 jsmbo,
851 1717 980 1797 epitritus
993 1715 1104 1790 tertius.

410 1907 460 1968 Ex
470 1904 552 1968 bisce
566 1909 666 1969 metris
678 1917 806 1987 quotuor
818 1907 913 1968 solum
924 1908 961 1966 nd
974 1925 1101 1986 praesens
1115 1905 1277 1965 institutum
1289 1903 1411 1978 iaciunt,

370 2012 515 2073 secundus
527 2013 647 2084 seilicet,
662 2025 792 2093 quartus,
802 2013 932 2073 decimus
942 2011 1055 2083 tertius,
1066 2021 1098 2070 et
1108 2011 1237 2072 decimus
1247 2021 1378 2090 quartus.

411 2118 449 2178 In
461 2119 528 2178 boeo
541 2131 666 2197 quotuor
679 2130 781 2191 metra,
796 2119 887 2179 aliave
909 2137 974 2196 quae
997 2115 1032 2177 iis
1046 2127 1115 2176 sunt
1125 2115 1302 2197 temporibus
1315 2135 1412 2196 sequn-

370 2223 420 2295 lit,
434 2242 534 2284 omnes
546 2243 647 2284 versus
658 2224 838 2296 Terentinni,
853 2221 983 2302 exceptis
996 2220 1126 2302 pauculis
1139 2221 1264 2302 paeonici
1286 2221 1412 2300 generis,

372 2336 406 2387 ut
419 2346 487 2387 mox
499 2327 669 2401 videbimus,
682 2329 788 2389 resolvi
810 2338 943 2409 possunt.
956 2326 1002 2387 bis
1015 2327 1101 2406 igitur
1114 2328 1207 2407 probe
1220 2325 1353 2408 coguitis,
1372 2327 1414 2386 ni·

371 2431 414 2490 bil
427 2431 483 2492 erit
493 2433 524 2491 in
536 2432 636 2493 metris
651 2433 834 2495 Terentiunis
845 2434 925 2516 quod
934 2454 993 2493 non
1002 2433 1049 2494 vel
1060 2432 1146 2493 tironi
1160 2432 1328 2494 facillimum
1336 2433 1415 2494 ride-

370 2537 458 2607 bitur,
469 2547 577 2617 praeter
588 2537 729 2611 licentius,
746 2538 783 2600 de
798 2539 908 2619 quibus,
917 2559 971 2599 suo
980 2539 1057 2599 loeo.

413 2639 515 2702 Metro
527 2653 625 2702 eutem
638 2663 704 2724 qum
718 2655 842 2722 quatuor
860 2663 948 2724 supro
966 2643 1132 2710 memoretis
1152 2655 1317 2724 temporum
1330 2643 1416 2703 retio-

373 2764 411 2808 ne
425 2747 508 2827 petie
519 2757 596 2830 sunt,
611 2761 753 2835 eteorum
767 2749 861 2810 vicem
875 2748 1017 2810 sustinere
1028 2759 1157 2829 possunt,
1171 2768 1296 2831 sequens
1310 2747 1417 2809 tubelle

375 2850 506 2912 exhibet.
586 2870 589 2873 ·

373 3024 598 3108 mh?
629 3028 855 3091 madon
911 3032 1130 3096 spudeo-trusbut
1161 3034 1384 3097 Spondeo-spondeo

407 3129 449 3162 sen
460 3115 586 3164 ditrooboeo
624 3133 666 3166 seu
675 3118 769 3182 epitrito
776 3120 878 3169 seonndo
901 3137 941 3169 seu
952 3123 1047 3185 epitrito
1058 3132 1139 3186 qnsrto
1183 3139 1225 3173 sen
1236 3123 1364 3186 (dispondeo

690 3294 765 3354 Sunt
777 3298 957 3395 temporibus
970 3298 1111 3379 aequales,

378 3456 539 3519 Ditribreobys
638 3462 894 3525 TribrsobJ-spondens
908 3466 1155 3528 Spondeo-tribnobye
1170 3466 1395 3530 Sponden-deotflat

378 3544 884 3621 'tribrwbrrtsntbus'llibnubydsotytps
909 3554 1135 3616 Dmyleuoorem
1167 3556 1394 3619 Dsotyiespondens

378 3634 626 3705 'ligitime-tribuetur!
641 3641 1421 3715 ’ἰδ’ἰὴηοὶμηιριιιαιΙὶιοιῙΙο-,ῑήῦιίνὶυιΒιὶοῑῑίὶθῦήϋὶἱῧῦἱβΚ

644 3728 871 3792 remunerantur
914 3726 1161 3792 Ampoerio-troehrsu
1167 3733 1421 3801 utputo-spondet!

646 3816 1405 3887 'i'mctoeosnspnstusldntpnsto-tribreobpsvsotyionneputps

1163 3910 1404 3973 Anspnsto-dsntyins

1164 3987 1303 4061 Didset'ylus

1164 4078 1336 4153 flmm-

426 4270 551 4353 Unsque
564 4295 633 4336 cum
652 4276 687 4335 iis
710 4286 867 4337 metrorum
874 4274 977 4356 vigint
987 4276 1113 4357 quinque
1133 4296 1285 4352 numerum
1304 4278 1422 4339 nondui-

384 4387 456 4448 unt3
475 4398 541 4457 que
549 4384 638 4455 juxts
655 4382 804 4461 alphabeti
823 4382 954 4443 ordinem
968 4383 1134 4469 iniquinque
1148 4383 1423 4445 oltssesdistribirts

384 4480 489 4541 lectori
501 4485 540 4543 ob
553 4486 652 4546 oculos
671 4506 782 4567 ponere
801 4486 877 4565 utile·
892 4489 1002 4567 penu,
1015 4508 1082 4554 euru
1091 4490 1232 4571 exemptis
1243 4488 1422 4569 shsgulorum

384 4584 537 4663 sdjunctis,
550 4591 679 4671 locisque
691 4594 774 4655 unde.
782 4596 1026 4673 suntdesutnpte'.
