3292 5575
352 1235 470 1304 ΕΒΗ
492 1232 691 1314 DONATI,
713 1233 759 1300 V.
774 1235 814 1300 C.
830 1221 1073 1301 ORATORIS
1097 1233 1241 1303 URBIS

433 1396 547 1475 noum
564 1395 737 1447 rnsrsrro
753 1397 791 1445 ιιι
808 1397 983 1445 nnnnrnos
999 1397 1165 1446 censum.

751 1579 848 1614 ⁸0·-

341 1739 441 1800 HAEC
456 1737 556 1799 fabule
578 1736 705 1818 pulian,
728 1749 762 1797 ut
784 1737 878 1815 ipsum
896 1735 1007 1798 indicet
1024 1757 1142 1810 nomen,
1154 1759 1175 1814 ,e
1187 1742 1294 1820 plurali

299 1838 431 1907 numero,
445 1855 537 1914 quum
549 1833 587 1895 rit
599 1853 673 1894 nnn:
688 1834 893 1910 etmescuiino
907 1852 1027 1912 genere,
1037 1854 1125 1914 quum
1134 1835 1172 1896 sit
1187 1857 1294 1900 comoe-

301 1931 369 1992 dis:
390 1941 422 1992 et
438 1930 548 1991 Greecn
567 1928 677 2010 lingum,
699 1949 790 2012 quum
808 1930 847 1990 sit
866 1929 983 2001 Latina,
1003 1942 1156 2004 censetur.
1198 1934 1295 1996 Potuit

300 2047 368 2090 enm
382 2028 538 2088 Terentius
552 2027 665 2088 Fratres
673 2026 788 2089 dicere:
803 2027 858 2086 sed
871 2038 901 2088 et
910 2027 1031 2102 ¹Grecin
1040 2029 1142 2104 ominis
1156 2033 1294 2112 etp-»viar

299 2125 448 2204 perderet,
463 2134 495 2184 et
506 2133 650 2203 proeteres
656 2123 927 2204 togntnrideretur;
947 2124 986 2183 ed
998 2143 1149 2200 summam,
1164 2149 1223 2188 non
1236 2143 1295 2194 stn-

298 2221 352 2283 tim
371 2220 583 2299 intelligeretur
596 2220 745 2280 Menandri
766 2239 850 2290 esse;
871 2219 950 2302 quod
969 2220 1125 2284 Terentius
1144 2224 1173 2284 in
1194 2227 1293 2306 primis

298 2319 439 2382 lectorem
457 2316 534 2375 scire
547 2314 648 2394 cupit:
669 2314 763 2374 minus
776 2315 956 2376 existumans
970 2315 1064 2379 leudis
1078 2321 1209 2400 proprius
1223 2326 1293 2398 scri,-

297 2415 380 2484 bere,
394 2431 481 2493 qnnm
502 2411 624 2472 Groeens
642 2410 810 2470 transferre.
852 2411 907 2472 Est
931 2412 1019 2492 igitur
1033 2413 1211 2479 Menandri:
1231 2433 1293 2494 ets

296 2509 419 2570 stonum
447 2496 537 2578 fecto,
560 2507 665 2587 quibus
689 2519 890 2586 argumentum
915 2509 1024 2581 nititur,
1046 2531 1153 2572 nomen
1177 2515 1291 2595 occipit.

296 2605 396 2684 Hujus
409 2615 474 2664 tots
486 2604 564 2665 ectio
582 2624 673 2683 quum
686 2604 724 2664 sit
736 2604 828 2664 mixte
849 2625 887 2664 ex
910 2617 1034 2686 utroque
1049 2627 1167 2686 genere,
1183 2621 1216 2670 ut
1229 2611 1292 2673 fere

296 2700 483 2762 Terentianus
496 2719 606 2773 omnes,
625 2711 733 2781 proeter
743 2701 1108 2782 Heautontimorumenon,
1123 2716 1221 2766 tamen
1232 2727 1292 2768 me·

291 2799 350 2879 jon·
369 2820 408 2860 ex
421 2810 506 2879 perte
519 2798 644 2859 motoria
657 2809 712 2859 est.
730 2818 798 2857 nem
811 2798 946 2859 statarios
966 2800 1048 2861 locos
1060 2820 1222 2883 perpaucos
1239 2804 1292 2865 hs.

295 2898 357 2961 bet.
379 2897 506 2957 Prodest
515 2906 615 2956 nutem
628 2905 659 2955 et
669 2895 800 2955 delectet
821 2906 889 2955 actu
912 2906 942 2955 et
956 2896 1034 2957 stilo.
1075 2898 1111 2957 In
1124 2898 1292 2979 hncprimoe

294 3003 396 3079 portes
415 3002 493 3065 sunt,
515 3002 549 3051 ut
571 2991 687 3076 quidem
708 3002 823 3076 putent,
849 2992 991 3063 Demeoe3
1012 3003 1044 3053 ut
1064 2995 1191 3074 quidem,
1214 2983 1292 3077 Syri.

295 3088 419 3156 Quodsi
430 3098 484 3159 est,
499 3098 532 3147 ut
543 3088 650 3167 primns
660 3088 752 3168 Syrus
761 3088 886 3151 hebeat:
908 3091 1046 3151 secundm
1060 3092 1185 3153 Demere
1195 3106 1290 3171 erunt,

293 3185 388 3246 tertie
402 3184 552 3255 Micionis,
567 3184 654 3245 etsie
668 3184 818 3265 deinceps.
860 3190 1036 3268 Quanquam
1049 3189 1138 3249 etiem
1152 3202 1230 3265 sunt,
1241 3194 1291 3273 qui

293 3293 407 3363 putent,
430 3281 536 3361 primns
557 3280 680 3340 Micioni
704 3280 828 3361 dendus,
845 3284 990 3343 secundas
1008 3284 1093 3365 Syro,
1114 3286 1215 3349 teru‘ns
1229 3290 1291 3349 De-

292 3400 378 3441 meoe.
418 3379 498 3439 Nam
520 3378 599 3459 quod
616 3377 657 3437 sit
671 3376 834 3449 Terentius,
858 3378 939 3438 Senes
949 3381 995 3457 qui
1006 3382 1089 3457 prinei
1102 3383 1216 3456 nerim,
1230 3405 1290 3446 non

292 3478 331 3538 sd
353 3487 452 3558 pentes
470 3494 542 3557 quos
562 3474 695 3545 dicimus,
714 3474 768 3534 sed
781 3474 820 3535 ad
834 3476 967 3536 ordinem
980 3478 1107 3557 pertinet
1121 3481 1291 3549 exeuntium

293 3591 492 3657 personarum.
534 3571 613 3631 Haec
634 3570 731 3644 etium,
755 3582 788 3631 ut
807 3584 917 3633 caetera
929 3575 1129 3650 hujuscemodi
1143 3591 1289 3659 poemata,

292 3670 420 3750 quinque
430 3680 512 3729 nctus
522 3668 630 3731 hebent
644 3688 766 3729 necesse
780 3681 834 3741 est,
845 3670 940 3729 choris
949 3670 1055 3731 divisos
1065 3692 1083 3731 e
1094 3672 1209 3735 Groecis
1219 3697 1290 3757 poe·

292 3767 340 3831 tis
381 3768 464 3833 Quos
474 3765 528 3826 etsi
540 3764 685 3825 retinendi
699 3784 789 3825 cnuss
795 3769 857 3841 Jnm
870 3766 1035 3827 inconditos
1045 3780 1226 3848 spectatores
1237 3775 1289 3833 mi·

292 3865 371 3925 nime
384 3863 566 3942 distinguunt
578 3862 676 3921 Latini
688 3862 801 3935 comici,
813 3874 976 3925 metuentes
986 3864 1099 3925 scilicet
1112 3886 1150 3927 ne
1159 3868 1222 3946 quis
1230 3870 1288 3929 fes·

293 3961 420 4031 tidiosus
432 3960 515 4019 finito
529 3969 609 4031 ectu,
620 3958 700 4019 velut
719 3958 883 4019 admonitus
897 3960 1033 4033 abeundi,
1049 3961 1169 4042 reliqure
1183 3984 1288 4023 comoe-

294 4058 351 4121 dioe
370 4058 422 4117 fist
444 4067 618 4129 contemtor,
640 4067 672 4116 et
691 4067 807 4136 surget:
828 4068 927 4117 temen
941 4076 959 4116 e
972 4056 1065 4117 doctis
1077 4058 1220 4119 veteribus
1230 4060 1287 4121 dis·

293 4156 368 4216 creti
377 4165 468 4234 utque
482 4153 621 4233 disjuncti
633 4164 711 4225 sunt,
736 4165 770 4213 ut
780 4173 850 4215 mox
864 4154 1024 4233 aperiemus
1039 4164 1104 4233 post
1124 4162 1288 4235 argumenti

291 4250 495 4312 narrationem.
535 4251 570 4308 ln
583 4249 640 4309 hec
650 4248 786 4329 prologus
794 4250 943 4329 eliquanto
952 4250 1044 4309 lenior
1052 4251 1217 4313 inducitur:
1238 4256 1287 4334 qui

292 4348 385 4428 magis
395 4348 482 4408 etiem
494 4346 525 4407 in
537 4366 569 4407 se
579 4346 744 4428 purgando,
756 4366 844 4425 quem
857 4346 886 4404 in
901 4347 1071 4408 adversariis
1089 4348 1231 4411 lsedendis
1242 4364 1287 4413 est

294 4455 462 4525 occupetur.
494 4442 620 4502 Protoris
634 4454 679 4502 est
686 4442 865 4513 turbulenta,
882 4444 991 4519 epitasis
1001 4443 1137 4517 clamose,
1152 4456 1286 4508 cotostro.

286 4541 432 4620 phelonis.
474 4541 605 4607 Quarum
622 4538 745 4619 portium
763 4538 905 4599 rationem
926 4538 1091 4618 diligentius
1106 4542 1134 4601 in
1144 4543 1286 4626 principio

289 4637 499 4717 proposuimus,
511 4654 601 4717 quum
625 4637 663 4697 de
684 4635 825 4697 comedin
838 4637 971 4716 quoedem
990 4637 1167 4701 diceremus.
1208 4642 1285 4703 Haec

289 4754 360 4799 sene
374 4746 444 4799 sets
457 4744 501 4798 est
514 4724 591 4797 ludis
605 4733 729 4797 scenicis
736 4733 905 4797 funebribus
920 4734 1180 4800 L.AEmiiiiPsuli:
1195 4758 1283 4820 egen·
