3292 5575
617 666 733 735 tc'r.
756 666 787 733 1.
813 665 992 735 scENt
1024 664 1053 733 I.

1297 666 1362 733 21⁷

315 851 430 933 Quem
445 856 575 929 emere,
590 857 630 919 ut
651 854 766 939 quiris
780 852 882 922 facilc
901 858 1021 939 portet
1034 852 1182 931 credere,

313 960 501 1046 Nunquam
514 964 575 1029 illa
590 964 671 1029 viva
682 965 860 1031 ducturum
876 966 1020 1030 uxorem
1036 965 1184 1030 domum.
1339 968 1359 1027 5

314 1072 422 1139 Hem!
436 1074 545 1139 duxit.
560 1074 606 1141 -S.
621 1073 713 1158 Ergo
727 1080 907 1160 propterca
920 1079 953 1141 te
968 1075 1089 1141 sedulo

314 1181 360 1248 Et
370 1176 506 1263 moneo,
521 1190 556 1250 et
567 1184 693 1263 hortor,
706 1205 750 1252 uc
764 1186 968 1273 cujusquam
982 1188 1152 1255 misereat.

314 1292 409 1375 Quin
423 1295 564 1379 spolies,
579 1294 728 1378 mutilae,
742 1286 886 1379 laceres,
902 1316 1105 1384 quemquem
1118 1298 1220 1365 uecta
1234 1297 1294 1363 ele.

313 1482 534 1544 meditamentis
545 1488 574 1535 ati
590 1486 722 1551 tpealalem.
758 1488 808 1555 Vel]

313 1554 380 1603 Nate
395 1556 482 1605 relati:
497 1555 696 1621 uue'eoejareoe
706 1560 810 1625 diajtte-

312 1626 360 1675 tira
369 1634 414 1685 att,
429 1630 486 1677 aliae
501 1632 669 1693 eorreptionem
686 1634 808 1695 tiguillett.

312 1706 339 1747 ut
348 1701 409 1763 apud
419 1701 563 1761 (Itoerauetr,
574 1707 629 1752 Ver.
640 1707 683 1753 tv.
693 1713 715 1757 t.
727 1707 761 1754 oei
771 1722 808 1768 op-

311 1772 388 1819 tierart
398 1771 505 1822 Metram
515 1777 591 1825 uitam
600 1778 667 1839 νιος.
676 1778 728 1825 Bal.
737 1779 808 1826 VIII.

311 1846 350 1893 69.
361 1846 463 1893 carmina
476 1848 510 1895 uel
525 1850 577 1897 caia
592 1859 682 1911 pouuut
700 1851 809 1898 deducere

310 1916 393 1964 lutam.
426 1918 475 1967 Aut
494 1919 536 1977 uel,
554 1930 582 1968 ut
600 1922 679 1971 modo.
709 1920 809 1970 iurabat

310 1992 392 2052 quatiet
410 1990 535 2040 Bacchidi!
550 2008 616 2057 quam
633 1994 734 2060 tauctel]
751 1994 808 2043 'l'ria

310 2070 377 2111 erar:
394 2064 455 2125 quod
458 2065 566 2127 jurabat,
577 2072 601 2113 et
608 2069 697 2129 quotiea
707 2074 731 2115 et
738 2082 806 2129 qaam

211 2197 215 2204 .
308 2142 390 2183 acute.
422 2136 492 2199 Quod
509 2144 582 2186 totum
599 2139 629 2186 de
646 2155 709 2188 more
720 2147 806 2189 amato·

308 2222 359 2254 rura
370 2216 394 2256 et
403 2210 549 2257 meretricum
560 2212 630 2267 dixit,
648 2228 699 2273 quar
717 2211 808 2277 jureju-

306 2280 380 2398 Budc
396 2288 497 2341 termut,
507 2283 627 2347 quotleqe
644 2301 690 2333 uou
701 2294 806 2348 portum.

332 2386 425 2475 'reru
436 2426 578 2493 eampum]
595 2431 640 2477 vei
650 2431 717 2480 eram
734 2432 805 2495 ergu-

306 2497 367 2546 terr.
399 2502 442 2556 Ul,
456 2501 521 2565 Virg.
537 2504 589 2551 Ecl.
604 2504 675 2552 VIII.
697 2508 737 2556 69.
754 2522 806 2555 car-

306 2572 368 2691 ἓίοο
383 2573 418 2620 uel
433 2572 486 2622 colo
500 2585 591 2637 parturit
601 2576 707 2625 deducere
718 2579 803 2627 laram.

329 2677 356 2765 't
374 2715 406 2765 Ut
423 2719 505 2785 quirit]
532 2720 587 2769 Nou
607 2723 676 2770 modo
696 2724 805 2784 Bacchit,

305 2806 358 2851 quar
366 2792 441 2839 amioa
450 2803 508 2842 erat.
531 2797 562 2843 D.

339 2864 355 2914 ὅ
372 2864 495 2929 Nunquam
506 2868 547 2915 illa
558 2871 608 2929 uiua
619 2871 742 2918 deutur-um
752 2887 806 2918 uac-

305 2935 364 3001 rtm]
389 2939 517 3002 flagitiare
535 2942 616 3003 prima
635 2946 728 3004 jurabat
749 2960 806 2991 uun·

303 3026 372 3079 quem
381 3011 421 3059 illa
431 3012 486 3060 rlra
496 3029 592 3061 uxorem
607 3016 737 3064 ducturum.
756 3017 788 3064 D.

325 3084 418 3143 ‚Noui
429 3085 535 3148 plerique
543 3086 627 3134 mellae
638 3089 760 3146 collocant,
772 3093 805 3138 ui·

304 3170 333 3204 aa
341 3159 430 3204 uuirear
440 3159 566 3206 ductarier
575 3161 670 3208 domurn.
688 3163 719 3209 B.

339 3232 355 3277 6
372 3227 444 3279 Hem!
453 3231 531 3296 duait]
549 3233 712 3282 Proouaeiaut
722 3235 805 3283 mirat-

305 3306 352 3350 tem
363 3303 479 3351 οοίοιιᾱοι.
498 3303 575 3353 Hem!
592 3305 670 3369 aaut]
688 3305 747 3354 Hera
764 3309 805 3357 ad·

304 3377 410 3424 rerbitm
420 3371 596 3425 demouetr'arrtie
606 3386 656 3427 eet:
669 3387 702 3438 at,
713 3379 760 3428 leia
770 3381 805 3429 al·

305 3457 347 3496 ter.
364 3447 425 3514 Ergo
434 3444 561 3512 propterea]
589 3445 664 3498 Modo
675 3465 727 3514 ergo
737 3451 806 3500 effec-

304 3527 353 3569 tum
363 3521 475 3584 exprimit
485 3521 675 3584 reprehendentis
686 3523 751 3570 tarde
759 3524 805 3572 tibi

304 3594 500 3642 consentientem:
511 3594 545 3642 ric
555 3591 622 3657 virg.
634 3595 688 3643 AEo.
697 3601 736 3643 11.
748 3601 804 3646 707.

304 3681 358 3732 erga
376 3682 426 3731 age,
444 3682 495 3714 care
509 3676 583 3730 pater,
599 3669 679 3716 malci
697 3670 806 3729 importare

304 3749 391 3788 natta.
410 3738 528 3800 Propterea
538 3737 623 3802 redula]
634 3739 806 3792 Sedulolutttu·

304 3824 348 3867 tet,
357 3822 382 3862 et
391 3829 421 3861 et
432 3814 522 3860 auimo:
534 3812 570 3860 rei
582 3813 632 3860 tiae
641 3814 704 3861 dolo.
722 3812 754 3861 D.

303 3945 308 3952 Ι
335 3885 805 3950 Ergoprrpeemnaauaarwmrtw

302 3970 346 4018 tor,
355 3977 382 4008 ue
389 3965 520 4025 crq‘utquam
529 3958 667 4026 temitereat]
675 3963 805 4023 Atqueme·

303 4034 376 4082 retrit
383 4042 511 4096 temperata
516 4041 562 4092 eet,
569 4032 623 4082 leta
631 4050 687 4081 vero
694 4035 804 4098 mpierlor.

302 4110 353 4170 eJ'ut
359 4107 445 4155 etenim
451 4115 528 4155 teucer
535 4123 610 4156 moret
617 4108 804 4170 etteplurlmum.

302 4178 394 4228 Debeo
409 4178 531 4227 meretrice
541 4176 653 4228 blanditia
671 4179 754 4242 (mom
763 4193 804 4229 me

302 4251 371 4300 talem
380 4251 505 4314 plurimum
512 4269 521 4309 ,·
532 4252 609 4300 delient
622 4261 697 4299 autem
706 4253 804 4300 meretri·

302 4323 333 4372 eit
342 4338 384 4370 aare
394 4323 478 4372 blondi.
490 4323 531 4386 Ζ.)
539 4323 672 4372 alilereoim
682 4323 750 4384 diligi
758 4339 803 4370 nou

302 4403 387 4458 pateat,
398 4393 444 4444 ulti
454 4413 506 4445 cum
516 4398 590 4446 iorara
600 4413 652 4446 cum
660 4395 804 4444 blandimen-

301 4467 333 4516 tia
341 4468 463 4517 wureulat
478 4467 545 4534 (aaut
554 4468 635 4533 fotura
645 4483 729 4533 quoque
739 4468 803 4517 ilau-

302 4539 401 4587 direerta
411 4543 549 4590 muniant.
560 4540 601 4602 z.)
619 4542 648 4588 B.

336 4612 433 4662 veterat
444 4613 516 4663 torui
524 4629 566 4671 eut,
578 4613 656 4662 ceteri
664 4627 702 4664 err.
712 4613 742 4662 B.

305 4703 366 4738 tut..
380 4705 411 4738 ιι.

891 1495 908 1539 t
925 1488 1077 1548 Dauum
1087 1488 1174 1553 honor]
1185 1488 1360 1537 Mamercor-

857 1562 920 1619 tilia,
930 1562 1050 1611 lurcatur
1060 1562 1168 1625 impultu.
1185 1559 1221 1609 Ne
1228 1562 1359 1623 requiquam

858 1636 968 1699 mr]
985 1636 1058 1683 Decet
1068 1644 1096 1683 te.
1116 1633 1147 1680 D.

892 1706 928 1754 Ne
946 1709 1053 1770 cujurquc
1067 1704 1179 1769 misereat]
1206 1706 1270 1753 vert
1288 1702 1358 1752 eota

858 1794 886 1829 te
896 1783 1002 1843 mu'utque
1013 1787 1034 1827 te
1043 1781 1150 1827 iniereat
1163 1780 1192 1825 1..

890 1852 1023 1908 Bembiuut,
1033 1868 1111 1913 quem,
1122 1858 1148 1899 ut
1155 1865 1246 1913 temper
1253 1850 1311 1905 ieta,
1320 1863 1358 1895 ee·

857 1926 936 1988 quitur
953 1928 1066 1983 Fuerunt,
1084 1926 1162 1979 itabat,
1180 1938 1208 1970 rre
1225 1924 1358 1984 crq'urquam

856 2000 969 2047 mirerere:
979 1998 1050 2045 nortrl
1061 2012 1148 2053 omues,
1159 2010 1187 2042 ιιο
1196 1997 1326 2057 crrJrerquam
1335 2002 1357 2041 te

856 2070 964 2119 misereat.
991 2070 1072 2129 Reate,
1091 2068 1214 2119 dummodo
1231 2082 1264 2116 rt
1283 2079 1357 2128 pcuaa

856 2151 906 2207 poet
918 2158 954 2191 ue.
973 2140 1003 2192 D.

889 2222 905 2267 a
923 2212 1074 2279 Quinquies,
1086 2214 1181 2271 muilier,
1190 2208 1281 2277 ἱοοιιοι]
1294 2208 1357 2268 Quirt
1380 2276 1383 2283 ⁴

856 2304 899 2351 pro
910 2307 951 2353 quo
961 2292 1041 2337 minua.
1059 2290 1091 2337 Et
1098 2304 1182 2350 magua
1191 2286 1311 2349 pertuatio
1320 2289 1357 2331 ett

856 2362 886 2411 ad
907 2360 1102 2409 melelaoletdum.
1133 2359 1224 2422 δ’ρσὶὶοο]
1258 2358 1358 2420 Spoliare

855 2441 899 2490 eet,
910 2450 955 2481 uon
966 2434 1082 2481 minimam
1090 2439 1179 2493 partem
1189 2432 1285 2481 aulerre.
1300 2428 1357 2477 Mu·

856 2506 930 2561 titire,
949 2500 1036 2567 aliquid
1053 2504 1183 2561 detrahere,
1203 2504 1252 2551 tine
1264 2515 1356 2564 queret

855 2594 907 2626 erae
917 2595 961 2627 noo
972 2576 1055 2640 poerit.
1072 2574 1356 2635 lacrumantumque

855 2651 946 2700 omniuo
966 2666 1012 2699 uau
1034 2648 1127 2705 habeat,
1144 2646 1207 2710 quod
1226 2646 1356 2695 imminuet.

856 2720 959 2785 Mutila]
977 2723 1119 2771 Immiauat:
1137 2720 1198 2768 uude
1214 2716 1357 2769 mutilidloti

855 2805 910 2846 tout
928 2799 1010 2854 bouet,
1030 2803 1070 2844 aut
1088 2791 1163 2860 capri,
1178 2795 1227 2842 tine
1238 2793 1354 2842 coruibut.

856 2873 917 2920 Num
927 2873 994 2928 male,
1011 2869 1051 2932 qul
1063 2885 1076 2917 a
1086 2869 1158 2916 multa
1173 2875 1255 2930 patrat
1265 2865 1320 2915 aiei.
1332 2869 1357 2914 et

855 2939 910 2990 iude
920 2943 1032 2990 Mulciber
1041 2941 1237 3001 Vuloaour,quo‹l
1247 2940 1279 2987 tlt
1286 2937 1356 2986 muti·

854 3011 915 3064 latur
926 3032 952 3064 ao
963 3014 1062 3063 debilia:
1080 3013 1105 3061 id
1117 3020 1161 3070 eet,
1172 3011 1276 3060 olaudut.
1293 3013 1356 3059 Nem

854 3089 948 3152 proprie
956 3081 1148 3136 Mulcilertllatue
1156 3093 1199 3142 eet,
1208 3083 1270 3148 quod
1278 3083 1356 3132 omniu

854 3161 962 3216 muleeat,
972 3161 995 3207 ld
1007 3167 1051 3216 eet,
1059 3157 1148 3206 molliet
1158 3173 1185 3205 ta
1193 3157 1278 3205 vincat.
1289 3155 1321 3203 D.

858 3231 861 3240 '
888 3231 990 3297 Mutr'ler]
1015 3231 1070 3279 Hac
1089 3238 1133 3288 eet,
1153 3230 1241 3278 debiloe
1262 3230 1354 3277 reddat.

854 3307 923 3356 Unde
932 3309 1004 3364 alunt,
1017 3307 1079 3370 quod
1091 3307 1181 3354 daudut
1191 3305 1221 3354 eit
1230 3303 1356 3361 Vulnerat,

855 3381 909 3428 lude
920 3380 1005 3444 dictum
1021 3395 1072 3430 ette
1083 3395 1121 3426 ret
1131 3375 1206 3428 tirilit
1217 3373 1295 3441 potuit
1305 3393 1355 3424 ruu-

854 3453 897 3502 lier
908 3452 983 3516 (quad
1001 3449 1096 3499 claudite
1106 3450 1135 3500 tit
1155 3444 1267 3497 Vulcanus
1281 3447 1355 3498 dicturi

852 3524 922 3588 partit
929 3522 1065 3586 Mulciber.)
1076 3523 1218 3584 Quamquam
1229 3521 1276 3569 illio
1286 3522 1355 3569 iutel-

855 3598 896 3660 llgi
905 3604 990 3659 poteri,
1001 3597 1061 3657 quod
1069 3593 1258 3652 amularuuloeat,
1267 3593 1355 3642 etmal-

854 3670 886 3718 lia
897 3670 950 3732 igue
961 3668 1038 3716 iaciat.
1056 3669 1084 3716 E.

887 3745 989 3791 liternut
1008 3742 1038 3788 ab
1056 3737 1136 3788 Bemb.
1155 3745 1179 3786 et
1195 3735 1253 3786 aliar
1266 3737 1355 3799 aliquot

855 3811 924 3864 codd.
935 3814 993 3876 legit
1008 3827 1120 3877 quemque.
1140 3807 1185 3859 sed
1197 3810 1245 3857 duo
1256 3810 1356 3871 peranti-

855 3885 894 3949 qui
911 3885 985 3933 uoetrl
1004 3897 1130 3948 qteemquem
1138 3900 1146 3942 ς
1164 3884 1226 3946 quoti
1238 3890 1262 3930 et
1273 3898 1354 3929 vereat

854 3959 979 4014 coufirmat,
995 3955 1018 4006 h.
1030 3973 1050 4004 e.
1061 3970 1216 4020 quemcunque.
1229 3953 1258 4002 ol.
1270 3953 1356 4002 Cledo-

854 4029 905 4082 uiue
915 4047 939 4094 p.
951 4033 1023 4083 1908.
1035 4029 1075 4094 qai
1085 4027 1134 4094 lpte
1145 4043 1269 4095 quemquem
1277 4027 1313 4075 irio
1322 4027 1356 4075 le-

855 4103 898 4168 git.
916 4105 944 4151 B.

885 4173 976 4238 Spoliee
987 4173 1083 4232 mutilet.
1094 4171 1185 4238 Ιιοοοοι]
1203 4171 1236 4220 Η.
1248 4189 1268 4220 e.
1281 4173 1355 4221 omni-

853 4251 897 4300 but
913 4243 978 4296 bault
995 4265 1046 4295 eum
1065 4247 1151 4310 apellet
1162 4245 1224 4294 etad
1242 4262 1354 4295 tumetum

853 4321 953 4385 inopiam
965 4321 1065 4382 rediqae.
1082 4319 1171 4368 Sitillia
1186 4320 1318 4384 metaphora
1330 4321 1356 4370 lu

853 4391 948 4444 Phorm.
961 4393 995 4441 Il.
1007 4397 1030 4440 2.
1044 4395 1082 4442 1³.
1094 4410 1117 4441 r.
1130 4392 1221 4442 Duker.
1232 4393 1261 4439 de
1271 4393 1355 4442 latinii.

853 4475 927 4517 teter.
939 4465 1019 4515 ictor.
1031 4482 1055 4528 p.
1067 4469 1123 4517 43³.
1144 4465 1175 4514 R.
1193 4467 1224 4512 D.

858 4531 862 4539 ’
886 4539 1031 4604 Quemquem]
1049 4539 1096 4586 I’ro
1106 4553 1255 4602 quemcunque
1267 4537 1320 4585 Llr.
1333 4539 1353 4586 l.

852 4615 891 4660 24.
899 4611 1148 4675 ubiuinterprlleutl.
1155 4610 1226 4661 etalii
1233 4609 1357 4660 ediderunt

830 4692 872 4738 tu
