3292 5575
338 708 370 769 l*
508 708 637 771 JULll
669 708 886 773 cassius
919 713 1180 778 sesumam

334 889 441 971 pergio’
452 892 547 951 muter
559 910 623 949 esse.
638 890 703 970 plus
716 890 792 950 enim
810 902 855 953 est
872 912 937 954 esse
949 895 1108 970 mulierem,
1127 916 1213 977 quam
1228 892 1367 960 odiosam.

337 998 374 1057 1n
392 996 482 1057 altero
499 1006 596 1056 autem
610 1006 769 1073 sequente:
788 1017 844 1055 rem
861 1018 974 1075 umqum
987 1004 1068 1074 uolui,
1083 1004 1147 1080 quia
1165 998 1196 1061 tu
1208 1005 1238 1063 in
1255 1026 1288 1064 eo
1301 1007 1367 1064 asili

338 1102 508 1163 muasotriu
525 1101 620 1179 fueris
647 1099 793 1160 Sostrata?
830 1102 955 1163 videus
978 1106 1090 1184 syllaba
1114 1086 1289 1170 redundare.
1317 1110 1371 1169 sed
1454 1095 1459 1103 ¹

336 1209 383 1279 mi,
397 1204 573 1286 pronunties,
588 1225 647 1265 non
659 1206 733 1265 otili.
773 1206 903 1267 Bembus
919 1220 1017 1269 autem
1030 1211 1073 1270 ita
1084 1211 1212 1291 legibus
1224 1231 1283 1271 una
1295 1212 1369 1273 deii·

338 1310 413 1373 ciat:
442 1310 500 1369 sic:
529 1311 619 1369 volui:
640 1312 747 1388 quintu
760 1312 790 1368 iu
806 1332 839 1371 eo
857 1313 1024 1393 aalifuers'a
1037 1315 1206 1375 adversm
1223 1315 1370 1375 &oratos

335 1416 528 1477 Locutionam
548 1436 663 1495 quoque
682 1434 740 1475 non
763 1416 865 1477 leviter
886 1428 1075 1497 pertranseas.
1115 1418 1171 1479 Ille
1192 1420 1268 1480 enim
1286 1420 1366 1492 dicit,

335 1521 482 1582 nullamne
492 1540 553 1581 sem
565 1521 664 1579 volui?
684 1540 753 1581 sane
764 1522 920 1583 tolerabilis
933 1542 1038 1596 sermo,
1050 1542 1115 1583 cnm
1124 1523 1214 1583 verbo
1224 1523 1290 1597 hoc,
1300 1526 1368 1583 oolo.

336 1625 413 1687 Nam
427 1626 542 1705 negatio
556 1646 622 1705 quae
636 1636 680 1686 est
693 1626 723 1685 in
736 1627 861 1699 nomine,
874 1628 906 1688 in
918 1630 1037 1688 verbum
1050 1627 1164 1701 transit,
1177 1640 1209 1688 et
1220 1628 1264 1700 fit,
1278 1628 1367 1688 ullam

335 1751 398 1791 rem
410 1731 498 1790 nolui.
538 1730 607 1791 Non
617 1730 709 1811 possis
721 1751 792 1791 vero
805 1732 905 1792 dicere
918 1752 986 1793 cum
999 1734 1089 1793 verbo
1102 1732 1290 1804 substantivo,
1302 1732 1369 1790 nul·

334 1838 401 1897 lane
421 1856 468 1897 res
488 1846 549 1906 est3
568 1855 692 1914 quonam
710 1836 798 1895 modo
816 1856 932 1915 nanque
949 1848 1039 1908 esset,
1058 1835 1083 1895 si
1102 1856 1161 1896 non
1178 1836 1243 1897 esti
1269 1856 1368 1916 neque

334 1941 435 2002 malim
454 1940 588 2021 procedit
607 1941 655 2000 ille
675 1960 713 2001 ex
734 1940 836 2001 eadem
858 1960 946 2020 quem
960 1946 1019 2001 ¹nos
1034 1942 1096 2002 sic:
1117 1942 1250 2000 sustulisti
1267 1943 1306 2000 sic
1325 1949 1367 2000 est

323 2051 425 2124 fictum
437 2048 552 2118 domiuo,
570 2066 635 2125 ergo
654 2048 732 2105 trous
754 2048 848 2105 damao
868 2054 965 2104 cactus
983 2055 1033 2104 est.
1073 2046 1130 2107 Ille
1143 2046 1203 2105 sic:
1223 2046 1365 2104 mutini.

334 2153 374 2211 sic
386 2150 556 2228 estfactum.
570 2151 677 2222 donou’,
692 2171 757 2229 ergo
770 2152 849 2209 tersa
862 2152 955 2209 dotano
968 2158 1064 2209 auctus
1076 2158 1126 2209 est.
1166 2150 1206 2209 At
1218 2150 1277 2209 duo
1289 2157 1365 2221 sunt,

303 2244 308 2257 ’
334 2274 400 2334 quoe
423 2253 591 2315 dissuadent
612 2274 676 2315 esse
697 2253 907 2333 recipiendum.
957 2254 1086 2314 Primum
1104 2260 1214 2327 remus,
1236 2255 1286 2334 qui
1306 2261 1366 2314 tro-

334 2359 453 2421 chaicus
474 2358 528 2418 sit:
557 2377 645 2437 quare
665 2358 695 2417 in
713 2359 811 2438 quinto
833 2359 909 2438 pede
925 2360 1057 2434 iambum
1074 2360 1191 2419 statuit:
1218 2380 1272 2419 uos
1295 2378 1365 2419 ana·

332 2474 465 2545 pastum.
518 2461 560 2521 Et
582 2462 677 2523 minus
704 2463 796 2523 simile
819 2464 882 2523 veri
900 2462 965 2536 fuit,
992 2464 1070 2523 domi
1091 2465 1255 2536 educatam,
1277 2475 1366 2543 atque

332 2568 433 2627 irenam
453 2566 570 2627 latuisse
588 2566 744 2627 eratenim
764 2566 880 2627 modica
900 2569 1013 2641 domus,
1035 2590 1101 2649 quas
1121 2570 1275 2630 vel'ooena
1290 2570 1365 2629 Bac-

332 2673 424 2734 chidis
444 2682 633 2753 premeretur.
655 2692 744 2752 quare
768 2673 868 2753 inepta
888 2672 999 2734 fuisset
1014 2674 1211 2754 interrogatio.
1258 2674 1365 2753 Neque

331 2779 434 2841 fuisset
452 2790 553 2840 auctus
573 2779 690 2852 damno,
714 2777 849 2858 quoniam
869 2778 947 2840 domi
967 2780 1136 2841 educasset:
1159 2780 1365 2859 sedquoniam

330 2883 429 2956 filiam,
443 2884 489 2946 cui
503 2885 556 2944 dos
569 2885 697 2963 paranda
710 2892 797 2944 esset.
842 2885 946 2962 Itaque
958 2903 1018 2944 non
1029 2884 1098 2944 foris
1112 2884 1294 2944 educandam
1312 2884 1365 2944 de-

332 2990 385 3060 dit,
396 2989 449 3048 sed
459 2988 670 3066 exponendam.
712 2989 861 3052 Proeterea
873 2988 939 3068 plus
951 2989 1088 3069 impendii
1102 3000 1157 3060 est,
1170 2990 1195 3049 si
1212 2988 1282 3049 foris
1295 2988 1364 3048 edu·

331 3102 433 3154 cantur
444 3091 537 3164 liberi,
551 3091 673 3170 quamsi
686 3092 774 3153 doni.
815 3094 877 3154 Sed
886 3103 918 3152 et
929 3093 978 3152 ille
987 3093 1018 3152 in
1028 3093 1183 3164 Eunucho,
1197 3104 1260 3154 toto
1272 3091 1364 3152 verbo

330 3197 444 3276 longior
458 3207 512 3268 est,
521 3207 632 3257 temere
642 3197 776 3277 repetito.
807 3199 854 3257 Is
867 3220 917 3276 que
930 3201 995 3258 adeo
1008 3201 1102 3258 uisam
1116 3199 1201 3258 usur
1213 3200 1238 3257 si
1250 3170 1365 3257 dosaa'lt.

330 3303 390 3382 quis
408 3323 470 3362 uota
489 3302 549 3360 linc
567 3321 585 3360 a
605 3301 706 3360 Thaide
727 3304 801 3368 erit?
835 3302 896 3362 Sed
916 3302 1024 3382 ubique
1040 3302 1156 3364 videtur
1176 3322 1235 3362 non
1255 3300 1363 3361 minimi

327 3405 430 3486 judicii
448 3403 588 3484 quispiam
606 3405 748 3484 neglectis
766 3407 891 3467 numeris
910 3405 1040 3485 leporem
1059 3405 1196 3485 quaesisse
1215 3404 1361 3466 orationis.

330 3511 404 3573 sicut
417 3511 446 3568 in
459 3509 563 3569 eadem
576 3510 690 3571 fabula:
710 3511 778 3570 nihil
789 3521 890 3590 preter
907 3513 1074 3588 promissum.
1114 3511 1155 3571 At
1171 3530 1224 3570 nos
1241 3507 1361 3589 legeba-

330 3636 410 3676 mus:
443 3615 512 3674 sitit
528 3617 745 3692 pretermissum.
793 3616 904 3675 Verum
929 3616 976 3676 hic
998 3615 1111 3695 argutia
1132 3614 1219 3676 etiam
1247 3615 1359 3674 dimen-
1397 3689 1399 3693 .

329 3722 457 3784 sionibus
471 3741 555 3782 suum
572 3723 688 3802 reliquit
707 3723 815 3795 locum,
835 3724 860 3782 si
879 3721 953 3791 nihil,
968 3720 1006 3780 sit
1025 3721 1264 3801 monosyllabum,
1280 3719 1371 3798 quod'

327 3825 590 3906 frequentissimum
614 3837 668 3896 est,
688 3827 749 3886 nult
767 3826 875 3898 dicere,
891 3825 1054 3884 Pbaedriam
1070 3825 1142 3883 nihil
1159 3834 1359 3904 prastaam

328 3943 438 4003 eorum,
454 3951 520 4011 quae
537 3929 619 3988 militi
630 3930 850 4009 pollicebantur,
865 3951 961 4010 neque
980 3931 1135 4011 quiequam
1151 3929 1232 3989 illum
1251 3939 1360 4010 praeter
1481 3985 1486 3992 .

327 4038 496 4117 promissum
506 4037 646 4097 laturum:
668 4036 720 4096 sed
730 4036 760 4096 in
770 4037 874 4097 eadem
882 4035 965 4114 lepor
978 4054 1094 4113 quoque
1107 4033 1291 4096 nitidissimus
1304 4043 1360 4106 est,

326 4140 361 4200 iis
378 4141 523 4204 versibus:
543 4142 616 4200 illum
628 4142 710 4217 liquet
722 4141 786 4199 mili
803 4142 924 4218 dejerare
940 4141 1070 4200 meatus
1083 4137 1146 4210 Ser,
1163 4148 1262 4215 septem
1278 4158 1360 4215 pror·

327 4265 373 4304 sus
385 4266 436 4304 uon
449 4247 545 4304 uidisse
559 4244 696 4322 protinas.
737 4243 837 4304 Nostri
849 4245 964 4323 vulgate
982 4243 1066 4303 nimis
1085 4244 1232 4323 legebant,
1245 4262 1299 4303 sex
1311 4241 1359 4302 vel

327 4360 448 4430 septem.
490 4349 635 4412 caurum
649 4360 680 4411 et
692 4369 710 4410 a
722 4369 843 4409 numero
856 4348 1024 4408 excluditur
1035 4348 1210 4424 conjunctio,
1225 4358 1255 4405 et
1267 4365 1286 4406 a
1299 4365 1359 4405 ser·

327 4453 419 4515 monis
437 4453 580 4532 puritate:
601 4454 687 4516 ucuti
705 4474 780 4526 cum,
801 4442 936 4525 dicimus,
955 4452 1163 4533 quinquaginta
1181 4452 1249 4532 plus
1263 4449 1358 4509 minus

327 4579 415 4623 annos
428 4570 513 4620 natus
528 4579 599 4620 sum.
639 4561 718 4622 Illud
730 4579 845 4642 quoque
862 4559 985 4640 lepidius
997 4559 1112 4620 videtur
1132 4559 1162 4619 in
1180 4553 1358 4620 Heautonti-
