3292 5575
495 1080 539 1161 1³.
581 1082 1084 1161 th'ESlGNANUS

267 1400 271 1409 Ι
307 1338 491 1401 ANTONIO,
508 1334 742 1391 THEOPlllLO
760 1337 813 1391 ΕΤ
829 1336 976 1390 JOANNl
993 1334 1150 1391 SARAEIS.
1185 1330 1295 1399 §.lh

742 1596 837 1631 -Ό-

563 1808 1014 1855 111111

265 1923 269 1929 ’
306 1916 470 1979 VERSUS
485 1928 582 1979 autem
603 1916 651 1979 hic
664 1919 783 1995 jumbici
804 1930 855 1979 aut
876 1920 1017 1983 trochaici
1032 1932 1100 1980 aunt
1123 1938 1238 1983 umnec:
1259 1930 1303 1982 at·

265 2042 322 2102 que
335 2027 448 2103 utrique
461 2036 512 2085 aut
530 2027 712 2097 monometn',
726 2036 776 2086 aut
790 2026 914 2098 dimetri,
937 2038 988 2086 aut
1004 2024 1137 2097 trimetri,
1151 2008 1202 2085 a'u:
1213 2034 1304 2086 tetra·

266 2132 364 2191 metri:
394 2144 426 2191 et
444 2150 541 2192 rursu:
561 2144 611 2192 aut
632 2132 825 2202 acatalectici,
846 2141 899 2190 aut
917 2129 1089 2200 catalectici,
1110 2140 1162 2189 aut
1178 2110 1303 2209 brachy-

265 2236 437 2308 catalectici,
451 2248 502 2297 aut
516 2236 784 2317 hypercatalectici.
814 2236 942 2296 Jnmbici
952 2236 989 2295 ab
998 2236 1099 2312 jantho
1107 2235 1193 2314 pede,
1202 2243 1302 2295 ettro·

263 2342 354 2402 chaici
375 2360 393 2401 a
413 2344 544 2403 trochaeo
565 2362 671 2403 nomen
692 2342 810 2403 habent.
851 2340 977 2401 iambici
990 2339 1080 2419 igitur
1099 2348 1168 2399 aunt
1180 2337 1212 2396 in
1227 2356 1302 2417 quo·

262 2464 324 2507 mm
338 2448 438 2508 aedem
453 2448 577 2528 aliquam
597 2444 723 2524 jambus,
738 2459 788 2508 aut
808 2448 837 2505 in
850 2446 980 2507 ultimam
1000 2463 1055 2525 pro
1072 2444 1175 2524 jamho
1186 2440 1302 2525 pyrrhi·

263 2554 344 2613 chius
367 2554 543 2634 ingreditur:
577 2554 726 2623 trochaici,
753 2553 783 2611 in
811 2552 915 2631 quibua
942 2550 1028 2611 datur
1054 2548 1186 2609 trocheo
1207 2547 1301 2608 locut.

262 2658 386 2720 laubici
411 2660 471 2720 siue
493 2661 632 2721 trochaici
652 2658 822 2721 monometri
844 2666 911 2715 suot
931 2654 982 2735 qui
1002 2673 1061 2713 una
1079 2670 1224 2726 mamurra,
1240 2652 1301 2715 hoc

170 2839 177 2858 .
260 2772 313 2836 est,
327 2765 448 2844 pedihus
460 2762 571 2827 duubua
590 2776 743 2828 constant:
764 2760 879 2823 dimetri
899 2760 950 2842 qui
969 2757 1110 2820 mentuale
1128 2757 1250 2830 dumus,
1267 2764 1301 2818 et

259 2871 381 2949 pedibus
401 2881 542 2950 quatuor:
569 2871 690 2934 trimetri
708 2870 756 2951 qui
775 2867 916 2929 menauria
935 2867 1035 2937 tribua,
1049 2883 1084 2925 ac
1097 2863 1222 2944 pedibus
1233 2879 1298 2935 aex,

258 2977 335 3036 unde
349 2989 380 3034 et
393 2977 497 3036 senarii
511 2975 579 3036 dicti
594 2987 677 3035 aunt:
698 2975 859 3036 tetrametri
872 2974 934 3033 sive
946 2970 1079 3052 quadrati
1092 2969 1141 3049 qni
1154 2966 1299 3029 manciaria

258 3093 390 3160 quatuor,
405 3095 475 3142 octo
489 3082 790 3177 ueropedibua,u1yle
804 3093 836 3139 et
845 3076 985 3139 octonarii
997 3074 1136 3136 aLatinia
1146 3059 1298 3171 nominan-

258 3195 311 3244 tur.
355 3187 544 3258 Monometn',
558 3187 681 3258 dimetri,
695 3185 814 3247 trimetri
831 3195 863 3244 et
874 3180 1034 3242 tetrametri
1049 3180 1080 3238 in
1100 3177 1204 3258 qm‘bua
1223 3175 1298 3237 nihil

256 3292 394 3363 abundat,
417 3313 513 3371 nequo
536 3293 718 3354 desideratur
740 3293 903 3372 quicquam,
927 3288 1107 3352 acatalectici
1127 3303 1297 3366 nuncupan-

254 3407 315 3457 tur:
337 3399 501 3458 catalectici
521 3399 569 3477 qui
590 3399 702 3478 syllaba
720 3420 778 3459 una
794 3400 949 3470 breviores,
972 3409 1002 3458 et
1019 3393 1296 3476 brachycatalectici

255 3503 302 3580 qui
323 3503 453 3564 duabus:
476 3503 734 3584 hypercatalectici
754 3524 823 3564 uero
836 3505 866 3562 in
885 3505 989 3585 quibua
1008 3502 1117 3584 aliquid
1136 3499 1293 3560 redundat.

255 3606 280 3666 E
299 3609 435 3684 jambicia
452 3609 483 3668 in
501 3631 554 3669 usu
571 3622 639 3670 :unt
659 3611 783 3670 maximo
804 3610 884 3690 apud
903 3608 1073 3670 Terentium
1090 3603 1213 3665 trimetri
1229 3604 1293 3673 aive

255 3713 358 3772 senarii
373 3714 566 3786 acatalectici,
581 3726 610 3774 et
625 3716 782 3776 tetrametri
800 3716 861 3775 aive
880 3713 1019 3774 octonarii
1036 3724 1097 3773 tum
1111 3707 1293 3771 acatalectici

254 3829 314 3876 tum
329 3819 512 3880 catalectici:
533 3818 562 3878 in
576 3819 675 3880 rariori
692 3819 805 3878 dimetri
825 3817 1004 3880 acatalectici
1024 3827 1056 3876 et
1070 3814 1192 3875 trimetri
1211 3823 1291 3873 eata·

251 3924 358 3984 lecticl.
401 3925 426 3984 E
441 3925 596 3986 trochaici:
609 3925 772 3985 usitatiores
785 3935 852 3984 eunt
863 3921 1023 3984 tetrametri
1037 3915 1216 3981 catalectici:
1235 3914 1292 3976 mi·

252 4049 306 4088 nuo
320 4030 415 4090 usitati
430 4029 540 4089 dimetri
555 4030 717 4091 catalectici
733 4041 763 4090 et
782 4030 902 4090 trimetri
922 4031 993 4090 item
1013 4025 1187 4090 catalectici.
1228 4024 1292 4086 lte·

252 4133 392 4212 liquorum
406 4155 544 4213 generum
560 4137 693 4216 exempla
706 4155 763 4196 non
783 4135 838 4195 nisi
854 4135 999 4210 mriaaima
1014 4135 1093 4214 apud
1109 4133 1189 4193 hunc
1208 4141 1291 4192 auto·

250 4253 310 4296 rem
325 4236 518 4298 inveniuntur.
559 4239 685 4300 Jambici
697 4239 859 4301 trochaeum
871 4259 931 4299 nou
950 4239 1055 4310 leniat,
1068 4257 1164 4318 neque
1176 4237 1289 4319 phyni-

252 4341 348 4401 chium
363 4343 417 4402 nisi
431 4344 497 4404 loco
509 4343 628 4404 ultimo:
650 4355 680 4404 at
693 4345 833 4405 trochaici
846 4365 941 4424 neque
957 4347 1098 4421 jambum,
1111 4360 1206 4423 neque
1219 4361 1289 4422 pyr·

249 4445 401 4508 rhichium.
445 4451 578 4516 Quatuor
595 4449 687 4529 pedes
706 4449 971 4530 brachyayllahum‚
993 4450 1164 4529 spondeum,
1184 4447 1288 4527 dacty-

249 4547 306 4608 lum
326 4563 357 4612 et
377 4566 554 4632 anapaestum
565 4565 632 4640 ¹tam
651 4553 768 4632 jambici
789 4573 877 4633 quam
889 4553 1030 4616 trochaici
1044 4553 1143 4634 quavi:
1155 4551 1228 4613 aede
1241 4569 1287 4610 ro·

291 4673 366 4716 von.
389 4675 427 4719 rr.
768 4660 810 4716 c*
