3292 5575
548 1148 1072 1285 COMMENTARIUM·

345 1408 496 1475 RUFINI
516 1412 555 1477 V.
577 1414 618 1477 D.
639 1414 932 1481 GRAMMATICI
953 1418 1271 1485 ANTIOCHENSIS

600 1596 638 1643 ΙΝ
654 1594 771 1645 nm
786 1594 1009 1647 mmm.

755 1778 852 1810 ι,-

319 1934 574 1999 EVANTHIUS
594 1936 625 1995 in
639 1936 851 1998 commentario
865 1936 998 2001 Terentii
1011 1941 1050 2003 de
1067 1940 1174 2015 fabula,
1197 1944 1256 2005 boc
1269 1960 1324 2019 est,

280 2044 319 2105 de
332 2042 476 2105 comoedia
495 2043 537 2103 sic
558 2042 648 2102 dicits
664 2042 809 2104 concinna
832 2043 1013 2125 argumenta,
1036 2050 1241 2110 consuetudini
1257 2072 1326 2113 cun-

276 2168 358 2228 grus,
372 2148 450 2208 utilis
462 2146 623 2221 sententiis,
633 2158 718 2227 grata
728 2148 846 2223 salibus,
856 2158 926 2230 apta
937 2161 1041 2213 metro.
1050 2164 1080 2213 et
1089 2165 1194 2233 postea
1205 2156 1260 2215 sic:
1274 2177 1325 2218 ve·

275 2270 355 2319 teres
364 2257 420 2318 etsi
433 2258 477 2317 usi
490 2256 545 2338 ipsi
556 2276 673 2338 quoque
684 2256 783 2317 metris
794 2244 990 2337 negligentius
1004 2259 1125 2335 jambici
1135 2278 1235 2320 versus
1250 2261 1326 2323 dun·
1410 2264 1414 2271 ’

276 2376 358 2425 taxat
370 2364 399 2423 in
415 2364 550 2425 secundo
561 2374 591 2424 et
604 2374 707 2443 quarto
718 2364 795 2436 loco,
810 2374 911 2424 tamen
925 2384 944 2424 a
957 2363 1095 2425 Terentio
1108 2364 1263 2426 uincuntur
1276 2388 1324 2429 re·

275 2466 418 2531 solutio‘ne
426 2469 513 2548 hujus
523 2468 608 2529 metri
617 2478 755 2549 quantum
762 2468 933 2530 comminuti
943 2470 982 2529 ad
990 2468 1144 2549 imaginem
1153 2492 1249 2553 prosse
1262 2495 1326 2535 ora-

275 2576 374 2637 tionis.
395 2578 495 2655 Asper
509 2574 539 2633 in
552 2574 760 2635 commentario
775 2572 906 2633 Terentii
920 2574 981 2634 sic:
1001 2575 1093 2636 hosce
1111 2597 1212 2638 versus
1233 2600 1324 2659 agere

276 2682 432 2763 coepissets
446 2682 488 2740 itu
500 2688 532 2741 nd
539 2686 633 2758 putris
645 2680 689 2737 dis
700 2680 844 2738 aduentum
854 2686 945 2739 utrltr‘s
961 2682 1023 2739 linc
1036 2682 1124 2740 dbisst
1137 2684 1251 2742 smmum.
1282 2686 1324 2746 Et

275 2790 415 2869 deinceps
429 2808 495 2868 quae
516 2797 677 2868 sequuntur
689 2784 835 2867 quadrati.
860 2784 1020 2846 Diomedes
1041 2786 1105 2847 sic:
1127 2790 1324 2868 septenarium

276 2915 393 2956 vasum
407 2893 502 2954 Varro
515 2891 580 2954 fieri
594 2891 663 2953 dicit
676 2892 733 2952 hoc
746 2890 845 2963 modo,
868 2911 934 2951 cum
954 2891 993 2952 ad
1006 2891 1140 2968 jambum
1159 2893 1324 2974 trisyllabus

275 3020 327 3081 pes
350 2998 477 3070 additur,
503 3008 534 3058 et
555 2995 589 3057 fit
611 2997 687 3056 tale:
710 2997 778 3074 qatd
795 2998 996 3056 smmtrensttus
1012 3003 1113 3056 nuceas
1132 2999 1199 3075 qm'd
1218 3001 1324 3062 tantm
1360 3061 1368 3076 ,

275 3105 395 3165 dntds?
416 3103 547 3166 similiter
557 3101 586 3162 in
596 3101 737 3162 Terentio
750 3120 850 3160 versus
864 3110 926 3160 ests

315 3212 430 3270 Nomai
448 3203 600 3268 remittunt
613 3212 751 3285 quippiam
774 3205 941 3264 Philumena
961 3207 1075 3266 delores.
1116 3207 1156 3268 Et
1170 3209 1200 3269 iu
1215 3211 1320 3276 Plauto

275 3335 354 3394 saepe
363 3314 438 3374 tales
448 3311 641 3392 reperiuntur.
662 3309 757 3370 Varro
769 3310 807 3369 de
816 3309 917 3388 lingua
926 3310 1016 3370 latina
1025 3311 1064 3371 ad
1074 3311 1248 3377 Marcellum
1260 3321 1321 3383 εἰς,

273 3440 364 3500 quare
374 3420 403 3478 in
413 3417 580 3497 hujusmodi
593 3417 667 3476 locis
680 3416 750 3496 poni
763 3427 880 3496 oportet
890 3427 990 3477 notam
1000 3417 1031 3477 in
1040 3426 1234 3481 transversum
1246 3423 1320 3486 inter

273 3525 409 3607 syllabas,
422 3517 601 3606 frequentius
615 3522 653 3582 ad
667 3531 828 3580 extremum
841 3541 968 3595 versum,
989 3522 1149 3596 senarium,
1159 3535 1189 3584 et
1202 3526 1319 3604 similes,

274 3632 299 3692 si
311 3651 365 3712 pro
379 3631 468 3710 longa
481 3629 602 3689 brevem
614 3627 776 3698 habebunt,
798 3637 832 3684 ut
852 3626 883 3684 in
899 3627 975 3687 hoc:
1000 3635 1104 3688 dantem
1117 3637 1234 3692 nimmas
1246 3643 1321 3696 mtzts

273 3747 302 3797 it
312 3739 455 3815 popilliae
470 3736 554 3795 Gara.
583 3731 733 3794 Charisius
747 3733 806 3792 sic:
831 3733 1028 3812 septenarium
1041 3755 1155 3795 versum
1174 3737 1238 3799 fieri
1251 3742 1322 3803 dicit

274 3841 370 3904 Varro
390 3841 447 3903 hoc
460 3841 558 3914 modo,
580 3861 648 3900 cum
672 3840 710 3899 ad
725 3839 856 3915 jambam
875 3839 1043 3919 trisyllabus
1061 3860 1114 3920 pes
1135 3843 1262 3919 additur,
1286 3859 1320 3908 ut

272 3941 427 4029 proefat‘um
441 3957 496 4008 eat.
518 3944 635 4006 Bassius
650 3941 687 4004 ad
698 3942 849 4004 Neronem
863 3944 902 4003 de
909 3943 1038 4020 jambico
1052 3945 1095 4006 sic
1110 3946 1201 4011 dixit:
1212 3953 1319 4029 J'ambi·

273 4074 325 4114 cus
345 4065 446 4114 autem
459 4071 527 4112 cum
546 4050 637 4130 pedes
657 4048 745 4109 etiam
766 4045 906 4128 dactylici
926 4049 1042 4127 generis
1056 4065 1192 4128 assumat,
1209 4051 1321 4120 'desinit

266 4159 413 4236 jembicus
425 4157 527 4230 videri,
541 4157 595 4217 nisi
609 4155 798 4238 percussione
812 4155 854 4213 ita
867 4154 1070 4228 moderareris,
1086 4136 1198 4240 ut‘cum
1212 4165 1319 4243 pedem

269 4264 431 4346 supplndis,
446 4263 607 4340 jambicurn
630 4261 739 4322 serias:
760 4259 887 4340 ideoque
907 4259 958 4320 illa
970 4261 1034 4320 loca
1046 4265 1239 4340 percussionis
1258 4291 1318 4331 non

272 4368 417 4451 recipiunt
436 4369 523 4429 alium
538 4387 626 4449 quam
642 4365 784 4443 jambam,
807 4376 838 4426 et
851 4365 878 4425 ei
891 4385 991 4446 parem
1010 4363 1204 4435 tribrachum:
1230 4387 1280 4434 aut
1293 4375 1318 4435 si

270 4475 387 4537 alterius
402 4472 590 4538 exhibuerint
603 4473 687 4538 metri
701 4471 842 4553 speciem.
867 4473 947 4552 quod
968 4472 1045 4546 dico,
1065 4474 1198 4557 exemplo
1212 4477 1317 4539 faciam

268 4580 419 4644 illustrius.
451 4583 507 4644 Est
526 4581 557 4641 ln
577 4579 723 4642 Eunucho
744 4562 876 4638 Terentii
891 4575 989 4637 statim
1000 4577 1030 4639 iu
1043 4579 1135 4659 prima
1148 4583 1255 4662 pagina
1268 4587 1317 4649 hic

304 4703 364 4738 voc.
383 4705 414 4738 ιι.
783 4685 814 4734 Λ’
