3292 5575
300 704 389 765 xviii*
593 702 721 768 n1v11
754 706 1066 769 casrtoarso.

299 884 421 958 Donati,
435 884 603 966 ubicunque
621 884 734 961 liceret,
746 886 838 947 fidem
856 908 1006 969 sequerer,
1018 886 1184 968 interpretis
1199 884 1348 947 undecun-

299 1013 356 1073 qne
369 990 546 1054 doctissimi:
566 990 604 1051 ab
618 1011 713 1071 eoque
726 1012 763 1051 ne
776 993 977 1054 transversum
989 993 1117 1073 quidem,
1139 1003 1172 1052 ut
1191 990 1282 1063 aiunt,
1304 992 1347 1051 di·

300 1098 391 1178 gitum
411 1086 612 1157 discederem:
632 1096 687 1157 sed
706 1096 779 1157 citra
796 1098 1034 1178 superstitionem
1047 1108 1156 1169 tamen,
1171 1108 1203 1157 et
1221 1116 1289 1157 cum
1299 1102 1353 1173 ju:

300 1204 376 1264 dicio
398 1222 524 1283 semper.
565 1201 713 1273 ceterum
730 1222 797 1263 cum
815 1203 972 1286 plerosque
992 1203 1057 1264 fore
1076 1204 1271 1291 suspicemur,
1289 1202 1352 1281 qui,

299 1308 379 1389 quod
392 1307 525 1369 carminis
538 1306 682 1366 rationem
694 1306 841 1386 ignorent,
854 1284 905 1369 'vix
918 1319 988 1389 apte
1001 1309 1072 1370 satis
1084 1308 1130 1369 his
1144 1309 1182 1368 de
1198 1309 1285 1368 rebus
1296 1309 1350 1387 ‘jn-

301 1414 398 1475 dicare
412 1423 537 1493 queant:
563 1412 657 1471 visum
670 1421 715 1473 est
727 1415 875 1493 subjicere
887 1416 1029 1477 nonnulla
1043 1414 1103 1489 bic,
1122 1434 1188 1495 quoe
1206 1415 1288 1475 velut
1302 1416 1352 1493 ja:

299 1528 392 1578 nuans·
408 1516 607 1598 patefaciant,
620 1528 651 1577 et
663 1516 748 1591 nam,
762 1528 796 1577 ut
816 1519 932 1591 dicitur,
953 1520 1145 1601 praemunient
1163 1517 1350 1601 imperitiori-⁴

299 1626 372 1685 bos:
393 1642 453 1704 quo
466 1624 572 1684 certius
583 1623 622 1683 de
632 1623 835 1703 recognitione
848 1635 950 1685 nostra
960 1624 1102 1704 judicium
1115 1625 1223 1697 facere,
1239 1626 1349 1685 arsen-¹

300 1718 423 1790 tentiam
440 1729 518 1789 ferre
535 1724 659 1808 possint.
700 1729 797 1808 Igitur
811 1730 915 1790 comici
929 1730 1051 1790 Plautus
1069 1739 1101 1789 et
1114 1730 1269 1791 Terentius
1286 1749 1348 1789 me·

300 1847 346 1897 tro
366 1836 429 1897 fere
448 1846 569 1896 utuntur
588 1834 635 1895 vel
654 1836 792 1911 jambico,
811 1837 859 1896 vel
884 1836 1034 1896 trochaico
1051 1836 1099 1895 vel
1119 1846 1245 1916 utroque
1264 1835 1350 1894 simul

300 1941 433 2003 confuso.
473 1940 641 2002 Jambicmn
649 1940 699 1999 vel
711 1942 924 2001 monometrum
939 1953 995 2014 est,
1008 1941 1089 2020 quod
1099 1940 1214 2000 duobus
1227 1939 1350 2020 pedibus

299 2046 477 2149 simplicibus
496 2056 626 2108 constat:
654 2046 702 2107 vel
722 2046 887 2119 dimetrum,
907 2047 989 2127 quod
1010 2057 1151 2128 quatuor:
1181 2046 1229 2105 vel
1252 2045 1352 2105 trime-

299 2158 386 2225 trum,
399 2152 481 2233 quod
497 2172 562 2225 sex,
577 2153 627 2233 qui
639 2163 671 2215 et
683 2152 789 2213 senarii
802 2152 998 2213 dicuntur'M.
1014 2152 1112 2213 Tullio
1124 2161 1157 2212 et
1170 2150 1242 2210 Feb.
1255 2149 1350 2218 Quin-

301 2257 419 2323 tiliano:
440 2257 488 2318 vel
505 2268 717 2332 tetrametrum,
730 2256 810 2337 quod
827 2268 914 2318 octo:
935 2257 1030 2339 quiet
1048 2256 1184 2338 quadrati
1201 2255 1352 2336 appellan-

301 2373 359 2436 tur,
388 2373 419 2421 et
445 2362 596 2423 octonarii.
650 2364 698 2423 Ex
723 2362 806 2423 hisce
831 2362 965 2423 trimetro
991 2364 1098 2423 comici
1122 2373 1153 2423 et
1179 2345 1351 2423 tetrametro

302 2468 429 2529 maxime
442 2478 584 2530 utuntur:
604 2469 667 2529 aliis
680 2489 756 2543 raro,
777 2479 808 2530 et
828 2468 859 2529 in
876 2469 975 2529 medio
994 2470 1058 2529 fere
1071 2468 1168 2545 (sicuti
1183 2467 1351 2527 Priscianus

303 2574 463 2652 annotavit)
476 2574 669 2635 distinctionis
688 2592 787 2635 musa.
828 2574 919 2640 Quod
936 2574 976 2633 ad
993 2571 1202 2653 pedes‘attinet
1218 2570 1351 2649 jambici‚

251 2729 255 2736 .
303 2696 410 2760 magna
421 2680 557 2741 libertate
571 2680 677 2741 comici
689 2680 890 2740 indifferenter
903 2680 997 2740 ubivis
1010 2678 1133 2760 ponunt,
1143 2676 1290 2757 jambam,
1299 2676 1351 2736 tri·

302 2786 650 2869 brachyn,‘anapaestum,
665 2787 827 2866 dactylum,
846 2786 1026 2867 spondeum:
1047 2786 1076 2845 in
1089 2784 1149 2845 fine
1166 2783 1351 2864 plerumque,

304 2901 356 2952 aut
372 2893 514 2970 jambam,
527 2902 578 2950 aut
597 2890 807 2971 pyrhrichium,
821 2891 970 2971 nunquam
984 2891 1040 2951 nisi
1057 2891 1089 2950 in
1105 2899 1246 2950 scazontc
1263 2907 1352 2967 spon·

304 2995 402 3056 deum.
444 2995 544 3057 Utitur
559 2995 713 3056 Terentius
727 3016 807 3076 saepe
826 2997 857 3055 in
870 2997 1008 3072 jambico‚
1026 2997 1105 3077 pede
1126 3004 1248 3075 quatuor
1263 2993 1354 3074 sylla·

302 3101 407 3160 barum
425 3099 555 3158 brevium
572 3100 952 3181 proceleusmatico‚'idque
972 3120 1024 3179 per
1045 3100 1353 3178 resolutionemspon-

304 3205 366 3266 dei:
387 3215 422 3264 ut
439 3205 469 3264 in
483 3205 601 3278 Andria,
614 3207 686 3266 molo
704 3226 786 3280 mena,
798 3209 886 3266 malua
905 3208 1019 3279 nmmos,
1035 3227 1112 3284 quern
1132 3207 1237 3286 quidem
1256 3221 1307 3283 ego
1326 3207 1353 3264 si

304 3332 427 3373 temero:
456 3311 506 3372 hic
527 3314 659 3375 secundo
680 3313 746 3372 loco
770 3323 815 3372 est
833 3312 1124 3393 proceleusmaticus.
1175 3313 1212 3372 In
1230 3313 1353 3374 eadem:

306 3420 356 3479 tibi
373 3439 501 3498 garnerum
510 3419 643 3494 fimum,
658 3426 686 3476 et
698 3417 769 3495 filio
783 3419 902 3477 inveniet
915 3419 1031 3477 'oimm':
1054 3417 1104 3477 bic
1121 3417 1214 3497 prima
1232 3418 1353 3498 regione

305 3525 385 3587 idem
406 3545 470 3606 pes.
510 3525 552 3584 Et
571 3534 670 3585 autem
691 3523 801 3604 duplex
815 3523 937 3600 jambici
959 3527 1077 3604 genus:
1095 3524 1218 3585 alterum
1237 3536 1353 3586 rectum

305 3631 507 3712 perfectumve
522 3640 655 3702 vocatur,
669 3631 793 3691 alterum
808 3632 945 3701 σκάζοντα
958 3632 977 3702 ἢ
990 3629 1177 3714 χωλίαμβονι
1199 3633 1285 3710 cujus
1296 3632 1353 3710 'pe-

305 3737 456 3798 nultimam
470 3735 500 3794 in
513 3735 571 3797 fine
584 3737 702 3816 longam
716 3756 781 3798 esse
795 3748 923 3818 oportet.
963 3738 1125 3818 Utriusque
1137 3736 1355 3798 meminit'Ovi.

306 3845 381 3916 dius,
393 3829 467 3904 'cum
487 3843 576 3914 canit,
597 3843 664 3902 liber
681 3845 711 3902 in
728 3845 856 3903 adversor
873 3845 962 3903 hoster
980 3845 1136 3924 &tingatur
1144 3843 1269 3920 jambre,
1292 3837 1355 3904 seu

306 3951 384 4020 celer,
410 3956 557 4007 extremum
580 3967 626 4005 eeu
650 3948 744 4006 trahat
770 3949 814 4006 ille
837 3949 941 4024 peden,
965 3948 1056 4008 utitur
1075 3949 1355 4029 identidem‘poeta

303 4053 431 4132 jambico
444 4059 614 4112 tetrametro
628 4051 806 4113 catalectico.
831 4051 929 4125 idest,
944 4054 992 4113 cui
1005 4054 1118 4135 syllaba
1130 4055 1160 4113 in
1179 4056 1239 4116 fine
1259 4057 1354 4118 desit:

307 4156 406 4238 quoin
416 4156 601 4230 catalectico,
614 4155 669 4217 sibi
679 4158 755 4218 inter
765 4159 822 4219 alia
831 4158 1012 4238 hocquoque
1024 4161 1176 4239 permittit,
1190 4173 1223 4221 ut
1235 4182 1290 4242 pro
1303 4183 1355 4242 pe·

306 4261 427 4322 nultima
439 4261 528 4343 longa
544 4262 625 4322 haud
638 4282 703 4323 raro
716 4262 788 4324 duas
801 4264 905 4323 breves
918 4275 1018 4344 ponat,
1033 4266 1113 4345 quod
1127 4265 1213 4328 facile
1228 4268 1278 4350 qui
1291 4289 1356 4328 ver·

307 4369 401 4429 ausin
419 4387 487 4428 suos
504 4369 596 4447 pedes
609 4368 743 4448 digerere
757 4369 845 4441 volet,
859 4369 900 4429 sic
913 4370 1023 4429 hebere
1036 4373 1208 4452 comperiet.
1248 4373 1285 4432 In
1295 4384 1356 4434 tro-

309 4472 424 4534 chaicis¹
439 4472 543 4533 comici
566 4472 721 4534 indiscrete
742 4473 888 4534 interdum
907 4475 1051 4557 dactylos,
1072 4477 1119 4539 vel
1138 4479 1282 4539 trochoeos
1302 4499 1354 4559 po·

310 4589 392 4654 nunt,
403 4578 534 4640 nimirum
549 4599 607 4658 quo
616 4599 690 4658 pone
701 4580 842 4644 dissoluta
853 4592 883 4641 ct
894 4582 1022 4662 pedestri
1031 4583 1355 4660 simillimeessenidem
