3292 5575
334 685 381 747 vi*
742 680 977 744 RUFINUS

333 876 433 933 versus
445 861 599 923 trimetros.
622 863 747 935 trahat,
771 868 892 935 rtohcat,
913 864 1043 922 stultam!
1062 868 1115 921 nos
1136 870 1162 919 si
1182 870 1223 920 me
1246 862 1378 922 abactis.
1493 834 1500 845 '

333 968 414 1029 hunc
425 968 521 1049 incipe
535 968 631 1041 ferire,
645 967 788 1029 videberis
800 970 922 1030 heroum
932 970 1042 1031 babere
1051 968 1128 1029 inter
1139 986 1242 1027 manus
1252 966 1292 1027 ad
1300 986 1378 1027 sum·

334 1091 412 1133 mam
429 1072 530 1151 paucis
548 1071 667 1154 syllabis
680 1072 711 1131 in
724 1083 873 1153 postremo
883 1074 1011 1147 mumth,
1021 1084 1100 1134 totus
1114 1072 1170 1133 erit
1182 1072 1299 1132 herous.
1320 1073 1379 1130 Er-

332 1178 423 1249 clusit,
437 1186 555 1251 reuocat,
568 1178 674 1258 redeam
683 1185 765 1257 ivnon
777 1180 803 1237 si
814 1200 882 1257 *mea
892 1180 964 1255 fiat.
993 1179 1107 1241 Ponam
1131 1178 1252 1238 dubium
1273 1196 1377 1237 secun·

334 1280 372 1342 do
390 1282 457 1342 loco
470 1280 585 1361 pedem,
605 1282 721 1363 propius
734 1284 886 1347 accedam.
922 1286 1016 1346 leor
1029 1286 1134 1345 &rides
1154 1285 1272 1343 schram
1293 1292 1379 1342 testor

323 1388 421 1463 fidon.
442 1387 536 1449 Varro
550 1387 581 1447 in
594 1387 666 1447 Vll.
676 1388 820 1449 clausulas
829 1409 945 1469 quoque
957 1390 1082 1470 primum
1092 1389 1254 1469 appellatas
1264 1386 1377 1460 dicunt,

333 1494 412 1575 quod
425 1495 596 1555 clauderent
606 1496 790 1569 sententiam,
804 1508 837 1555 ut
850 1494 929 1575 apud
943 1495 1089 1556 Acciumz
1113 1516 1149 1553 aa
1159 1494 1213 1553 hec
1223 1497 1290 1572 jum
1302 1494 1379 1552 obliti

332 1610 395 1660 runt
409 1600 551 1679 Phryges?
565 1582 782 1681 Nonnunquam
791 1603 829 1661 nb
839 1602 1008 1665 hisinitium
1015 1602 1059 1674 fit,
1072 1613 1107 1661 ut
1113 1601 1192 1681 apud
1203 1600 1377 1661 Caecillium:
1391 1638 1395 1646 ·

333 1706 364 1764 as
378 1708 439 1765 bani
453 1709 521 1784 pald
530 1709 600 1767 loc?
623 1708 711 1789 Apud
727 1706 915 1769 Terentium:
937 1708 1087 1767 deorham
1099 1712 1193 1765 autum
1214 1705 1299 1765 Idem
1312 1724 1376 1765 var-

333 1829 367 1870 ro
377 1811 408 1869 in
418 1811 523 1871 eodem
535 1812 585 1872 lib.
601 1813 675 1875 VII.
690 1813 729 1873 de
743 1813 845 1892 lingua
855 1811 972 1872 Latina
984 1812 1023 1872 ad
1037 1811 1216 1871 Marcellum
1228 1810 1271 1870 sio
1286 1810 1378 1869 dicit:

333 1916 422 1977 autin
431 1928 594 1977 extremum
603 1917 747 1977 senarium
759 1917 882 1977 totidem
895 1915 1091 1995 semipedibus
1099 1914 1220 1991 adjectis
1229 1914 1379 1979 fiatcomi·

333 2042 385 2083 cus
399 2023 566 2103 quadratus,
581 2036 614 2083 ut
629 2023 694 2109 hic:
711 2023 768 2081 lieri
781 2024 885 2099 aliquot
898 2022 1087 2081 udoksccntuli
1109 2020 1207 2081 emmas
1219 2023 1249 2081 ia
1264 2022 1379 2082 Piraeo.

335 2127 494 2188 Trimetros
507 2148 608 2189 versus
614 2129 757 2205 jambioos
770 2127 902 2189 Terentii
911 2138 943 2187 et
954 2127 1051 2187 Plsuti
1065 2136 1095 2187 et
1104 2137 1277 2187 caeterorum
1289 2126 1379 2186 comi·

332 2253 432 2293 corum
446 2246 476 2294 et
487 2216 663 2314 tragicorum
678 2235 725 2295 M.
741 2233 855 2294 Tullius
866 2231 996 2293 senarios
1006 2232 1076 2292 dicit
1086 2230 1265 2292 etnominat.
1286 2230 1379 2296 Quin·

332 2338 447 2400 tilisnus
461 2340 549 2400 etiam
563 2340 709 2401 trimetros
722 2339 852 2399 senarios
869 2337 1038 2398 nominavit.
1059 2338 1101 2397 Et
1112 2336 1228 2397 Flavius
1243 2335 1379 2414 Caperin

331 2446 440 2505 artibus
450 2446 508 2505 suis
515 2446 661 2507 trimetros
671 2456 770 2506 versus
782 2444 928 2525 jambicos
933 2444 1062 2505 Terentii
1073 2443 1202 2505 senarios
1213 2441 1379 2522 appellavit.

332 2550 382 2610 De
393 2551 492 2612 metris
501 2552 631 2612 Terentii
640 2561 670 2611 et
679 2550 775 2611 Plauti
786 2562 817 2609 et
826 2544 1155 2611 ceterum‘comieorum
1166 2559 1196 2607 et
1204 2548 1380 2627 tragicorum

332 2654 498 2717 Victorinus
511 2657 553 2717 sic
567 2656 654 2718 dicit:
677 2668 819 2737 quantum
834 2656 937 2717 autad
950 2676 1067 2717 versum
1086 2654 1231 2723 comicum
1252 2662 1378 2734 spectat,

331 2773 366 2822 ut
378 2756 529 2842 paululum
543 2782 709 2843 evagemur,
730 2762 791 2824 scio
805 2762 946 2842 plurimos
961 2760 1112 2834 affirmare,
1127 2759 1318 2820 Terentianus
1331 2759 1378 2820 vel

307 2935 313 2946 ,
330 2870 457 2952 maxime
469 2869 583 2929 fabulas
600 2879 725 2930 metrum
737 2867 775 2926 ad
788 2865 969 2946 disciplinam
988 2884 1152 2945 groecamm
1171 2866 1380 2925 comoediarum

330 2994 390 3034 non
403 2973 574 3045 custodisse,
588 2973 607 3031 i.
621 2991 694 3054 quas
709 2971 887 3043 Menander,
903 2971 1066 3043 Philemon,
1077 2969 1227 3050 Diphilus,
1241 2981 1273 3030 et
1283 2972 1380 3031 caeteri

287 3083 292 3098 '
330 3079 495 3140 ediderunt.
517 3078 627 3139 Nostri.
638 3099 667 3136 n.
681 3078 711 3138 in
724 3077 909 3138 modulandis
925 3077 1069 3158 rhythmis
1083 3095 1135 3136 seu
1149 3075 1260 3148 metris,
1273 3076 1380 3137 veteris

331 3183 481 3245 comoedia
502 3183 659 3264 scriptores
684 3203 716 3244 se
739 3184 790 3264 qui
802 3184 978 3255 maluerunt,
1002 3183 1022 3242 i.
1047 3181 1193 3263 Eupolim,
1218 3180 1378 3253 Cratinum,

331 3290 565 3368 Aristophanem.
590 3290 728 3370 prologos
752 3289 860 3370 itaque,
884 3302 915 3349 et
937 3290 1095 3370 primarum
1114 3307 1270 3350 scenarum
1296 3300 1380 3348 actus

330 3393 466 3454 trimetris
490 3394 794 3475 comprehenderunt:
814 3395 922 3456 deinde
940 3395 1132 3476 longissimos.
1152 3395 1174 3457 i.
1195 3404 1380 3455 tetrametros

329 3497 523 3559 subdiderunt
535 3499 585 3578 qui
598 3500 785 3580 appellantur
797 3499 947 3580 quadrati:
961 3511 1065 3580 postea
1077 3501 1106 3560 in
1121 3500 1309 3580 sequentibus
1327 3519 1378 3560 va·

329 3602 475 3663 riavarunt
485 3625 493 3663 :
504 3604 603 3664 modo.
612 3624 641 3663 n.
650 3603 807 3678 trimetros,
822 3604 908 3664 modo
919 3604 1019 3665 addito
1030 3605 1192 3684 quadrante
1200 3607 1247 3666 vel
1257 3605 1378 3666 semisse

329 3719 499 3788 posuerunt,
512 3708 532 3767 i.
542 3709 692 3789 semipede
703 3708 833 3788 adjecto,
847 3709 895 3768 vel
905 3708 1021 3788 integro
1034 3709 1113 3789 pede
1127 3712 1230 3786 jambo
1248 3711 1295 3769 vel
1316 3729 1377 3770 ses·

329 3815 457 3896 quipede
469 3816 535 3875 hoec
548 3833 601 3894 per
613 3814 727 3875 medios
740 3825 834 3886 actus,
859 3815 938 3874 varie
952 3834 1051 3875 rursus
1068 3815 1099 3873 in
1117 3815 1200 3875 exitu
1213 3815 1377 3876 fabularum

328 3921 496 4000 quadratos,
517 3919 623 4000 ,quales
645 3919 771 3979 diximus
794 3919 822 3978 in
845 3919 976 3979 secunda
994 3938 1083 3980 scena
1102 3920 1283 3980 locavenmt
1316 3919 1378 3980 Sed

329 4024 408 4090 idern
418 4025 550 4107 quadrati
558 4025 679 4105 legitimi
689 4046 757 4087 cum
768 4024 854 4084 XVI.
867 4025 987 4106 syllabis
992 4030 1138 4102 juxtajus
1149 4024 1297 4105 proprium
1305 4045 1376 4086 con·

330 4140 408 4190 stare
422 4131 561 4206 debeant,
586 4134 749 4216 plerunque
760 4132 941 4192 inveniuntur
956 4131 1024 4192 XX.
1038 4144 1089 4191 aut
1102 4131 1225 4211 amplius
1250 4131 1379 4212 syllaba·

329 4254 410 4294 rum:
422 4235 490 4296 hinc
503 4238 704 4300 existimantur
718 4248 845 4298 metrum
857 4257 917 4298 non
931 4236 1070 4311 tenuisse,
1084 4255 1140 4296 nec
1154 4256 1209 4295 sua
1221 4236 1289 4314 lege
1299 4255 1377 4294 com·

330 4339 470 4418 posuisse.
492 4344 580 4409 Quod
602 4365 672 4405 vero
693 4345 732 4404 ad
757 4343 910 4405 clausulas.
933 4342 952 4401 i.
966 4342 1127 4402 minuscula
1149 4341 1215 4402 cola
1237 4341 1377 4422 pertinet,

330 4456 402 4528 quot
416 4466 524 4526 genera
536 4468 671 4508 versuum
686 4459 765 4520 sunt,
785 4448 907 4508 totidem
925 4421 1128 4526 membrapro
1149 4445 1286 4508 clausulis
1302 4445 1376 4526 poni

329 4561 460 4630 possunt,
475 4561 506 4614 et
519 4553 615 4616 solent
626 4553 654 4613 in
668 4553 790 4616 canticis
801 4552 989 4635 magisquam
1003 4551 1140 4616 hverbiis
1154 4573 1220 4634 quae
1235 4571 1272 4613 es
1282 4551 1379 4616 trime-
