3292 5575
389 758 459 818 xviii
555 759 618 818 DE
649 759 839 818 METRIS
871 759 1225 818 TERENTIANIS.

390 938 473 999 Huic
486 939 517 998 in
538 939 598 998 line
617 949 732 998 sextum
750 938 1031 1018 jambumappone3
1051 951 1082 998 et
1100 938 1250 1018 extemplo
1264 938 1383 1000 habebis

391 1034 538 1095 senarium
552 1034 779 1095 Terentianum:

520 1197 618 1257 Thougls
628 1194 696 1257 deep,
705 1203 747 1258 yet
753 1195 815 1243 clear
827 1196 911 1256 though
925 1193 931 1262 Ι
944 1196 1029 1256 gentle,
1041 1203 1081 1259 yet
1091 1203 1131 1246 sor
1139 1196 1205 1258 dully
1216 1195 1280 1243 slou.

393 1343 516 1411 Rursus,
541 1339 565 1399 si
578 1339 687 1399 abhoc
712 1339 858 1420 Euripidis
879 1339 1002 1413 senario,
1020 1340 1067 1420 qui
1082 1341 1190 1420 primus
1212 1339 1337 1400 omnium
1355 1338 1384 1396 in

396 1440 504 1502 Oresta
514 1438 603 1509 venit,

555 1601 605 1647 rut
612 1613 682 1663 vespm
691 1597 807 1663 ηνθμῦιι
813 1616 851 1647 m
859 1599 936 1648 cmvi
947 1609 1032 1657 conse,

391 1747 498 1826 pedem
519 1743 705 1805 novissimum
717 1745 850 1817 auferam
871 1744 1032 1826 quinarium
1050 1745 1111 1821 jam
1124 1742 1255 1816 habebis,
1271 1745 1385 1822 perlec-

391 1843 530 1903 tissimum
543 1840 676 1903 hodierni
689 1841 780 1902 nostri
794 1842 872 1923 epici
891 1842 1055 1922 exemplar:

697 2004 746 2051 tisri
756 2019 827 2066 ηιμ
840 2003 844 2069 Ι
858 2001 969 2066 summ
979 2002 1015 2049 sal
1029 2002 1114 2050 nord.

521 2084 619 2147 'though
628 2084 698 2147 deep,
708 2091 748 2147 yet
756 2086 826 2142 olmr,
840 2081 845 2150 l
860 2084 945 2147 though
957 2084 1041 2146 gentle,
1051 2091 1091 2145 yet
1101 2091 1142 2131 not
1152 2083 1208 2130 dull.

392 2231 429 2289 In
452 2229 579 2308 Anglico
602 2240 701 2289 tamen
724 2229 783 2290 hoc
806 2240 889 2290 notes
903 2229 999 2302 velim,
1022 2242 1082 2290 tres
1106 2229 1231 2309 syllabas
1245 2225 1386 2308 positione

391 2327 571 2403 longasloco
584 2324 715 2386 brevium
730 2327 808 2405 poni.
851 2327 910 2386 Eas
926 2338 958 2387 tu
972 2338 1085 2408 postea,
1101 2337 1131 2386 et
1143 2345 1231 2406 quam
1247 2325 1386 2383 Deolcms

392 2424 505 2483 veniam
532 2423 683 2495 concedis,
714 2425 854 2483 Terentio
881 2444 982 2502 neges.
1035 2423 1268 2505 Pesscctissimum
1288 2431 1386 2480 autem

391 2523 524 2596 πονηρίαν
543 2520 612 2578 ideo
625 2522 757 2600 appello;
778 2533 811 2579 ut
823 2522 917 2600 poetis
930 2521 1116 2592 nostratibus,
1131 2521 1241 2599 ingenii
1260 2539 1330 2580 sane
1341 2538 1388 2579 ve·

389 2635 496 2697 nmque
508 2614 654 2686 felicibus,
676 2617 728 2675 sed
748 2616 918 2674 eruditionis
941 2619 1085 2677 interdurn
1099 2617 1230 2690 modicis,
1249 2616 1321 2695 quid
1333 2616 1386 2675 ho·

389 2711 483 2772 (lierni
505 2711 591 2792 epici,
612 2730 671 2790 quo
685 2711 811 2770 numeris
832 2711 964 2771 omnibus
986 2713 1136 2772 absolutus
1150 2713 1211 2784 fiat,
1234 2714 1386 2796 rhythmus

389 2810 552 2889 geniusque
573 2808 628 2868 sibi
641 2819 754 2886 poscat,
775 2808 869 2867 obiter
893 2809 1062 2869 ostendam:
1083 2809 1113 2867 in
1127 2810 1258 2870 versibus
1278 2830 1384 2890 nempe

389 2904 511 2981 singulis
533 2915 594 2962 tres
615 2904 741 2982 syllabas
761 2904 877 2962 breues.
918 2904 989 2965 Hoc
1013 2926 1082 2965 sane
1106 2907 1305 2967 confitendum
1329 2917 1383 2977 est,

390 3019 511 3059 avorum
534 3011 678 3079 tempore,
699 2999 818 3059 scabros
841 3019 1017 3080 asperosque
1030 3022 1140 3073 versus,
1159 3022 1265 3081 magno
1282 3002 1384 3081 longa·

390 3114 455 3154 rum
473 3095 603 3174 pondere
618 3106 748 3166 onustos,
768 3096 942 3177 plerumque
963 3097 1086 3159 exiisse:
1106 3099 1263 3183 hodiernos
1286 3100 1384 3159 autem

389 3202 493 3271 poetas
515 3191 604 3271 longe
628 3212 680 3253 eos
703 3194 857 3255 teretiores
876 3193 1103 3275 tornatioresque
1128 3194 1216 3266 dare;
1235 3195 1289 3255 sed
1313 3216 1383 3256 aure

390 3286 519 3347 fortassis
532 3288 680 3367 magistra,
702 3311 761 3351 non
783 3302 863 3363 arte;
885 3310 950 3369 quoe
965 3300 1063 3350 tamen
1088 3311 1135 3352 ars
1153 3291 1295 3372 principio
1304 3292 1383 3370 judi·

391 3383 475 3444 cibus
498 3383 617 3445 auribus
638 3386 811 3448 dedebatur.
867 3387 990 3448 Habent
1011 3387 1117 3467 itaque,
1138 3390 1217 3469 quod
1240 3390 1270 3449 in
1294 3391 1384 3471 longo

390 3498 462 3539 saue
482 3500 573 3560 opere
589 3481 698 3543 frustra
717 3485 959 3564 exspectandum,
982 3483 1011 3542 in
1025 3485 1231 3565 epigrammate
1251 3487 1298 3546 vel
1323 3489 1383 3549 ele·

391 3577 471 3656 giols
490 3576 576 3638 facile
597 3579 795 3653 obtinendum,
816 3600 918 3641 versus
932 3582 1005 3661 epici
1031 3586 1184 3660 cuempiam
1206 3604 1265 3663 quo
1285 3596 1315 3645 et
1328 3605 1382 3644 nu·

391 3693 488 3735 merus
499 3676 631 3736 brevium
646 3688 677 3736 et
690 3678 776 3738 sedes
788 3680 993 3739 ostenduntur.
1034 3680 1219 3760 Quamquam
1233 3680 1263 3740 in
1276 3682 1382 3742 nostris

392 3783 438 3832 est
448 3774 621 3834 etvariatati
634 3774 728 3848 locus,
743 3785 775 3835 ut
789 3775 819 3837 in
833 3775 896 3837 hist

521 3960 618 4023 Thouglr
629 3962 697 4025 deep,
714 3972 755 4026 yet
764 3965 840 4027 stem
856 3968 943 4029 though
954 3966 1039 4028 gentle,
1053 3975 1093 4029 yet
1108 3974 1148 4015 not
1157 3967 1222 4027 dull;

521 4041 608 4107 fllrdcss
617 4044 715 4093 without
723 4060 787 4109 nge,
802 4044 900 4096 'illidat
910 4048 1042 4111 omdowisg
1052 4048 1101 4095 lull.

393 4182 475 4245 lctus
488 4186 518 4245 in
529 4187 587 4248 hoc
600 4189 770 4269 posteriore,
785 4194 834 4271 qui
847 4193 876 4252 in
895 4192 1026 4254 secunda
1039 4192 1152 4274 syllaba
1164 4194 1228 4254 fieri
1248 4194 1333 4267 solet,
1353 4194 1383 4255 in

393 4280 486 4359 prima
497 4282 549 4354 lit;
569 4296 600 4346 et
613 4289 880 4369 venustequidem;
900 4291 988 4351 modo
1005 4310 1072 4351 raro
1090 4292 1151 4363 fiat,
1173 4311 1210 4352 ac
1223 4293 1319 4352 brevis
1338 4312 1383 4353 se-

393 4388 507 4454 quatur.
547 4380 589 4441 Et
606 4385 704 4446 nescio
728 4386 874 4465 equidem,
898 4408 936 4447 an
956 4389 986 4447 in
1009 4388 1150 4449 Terentio
1169 4410 1297 4469 quoque,
1318 4410 1385 4450 cum

392 4471 556 4537 trimetrum
569 4480 722 4561 aliquoties
741 4484 864 4544 inchoet
883 4484 1029 4556 oblitine,
1051 4486 1152 4559 locine,
1172 4487 1265 4559 sicine,
1289 4487 1384 4557 libera,

393 4587 453 4628 non
478 4572 508 4632 in
529 4576 649 4653 primam
671 4578 864 4640 retrahendus
888 4580 926 4640 sit
946 4590 1084 4641 accentus
1098 4582 1191 4655 libero,
1217 4588 1271 4643 &c
1295 4584 1384 4644 etiam

394 4664 425 4725 in
442 4670 585 4745 jambico;
616 4675 654 4735 ob
681 4677 713 4736 rb
741 4679 890 4758 ῖσόχρονον
909 4676 1019 4739 scilicet
1042 4689 1073 4738 et
1097 4678 1287 4761 ῐσόῤῥυθμονς
1316 4700 1383 4741 cum
