3292 5575
373 694 441 753 ext.
621 691 685 752 DE
718 685 904 752 uernis
940 683 1155 752 COMICIS.

374 883 424 930 tus
436 869 523 930 simul
535 867 598 930 det.
611 868 670 930 vid.
684 870 759 930 Eun.
773 870 817 930 11.
830 871 874 931 11.
887 873 937 932 24.
952 883 983 931 et
996 871 1055 932 111.
1067 873 1106 934 V.
1120 873 1170 932 44.
1204 869 1240 930 In
1258 867 1313 931 hac
1330 869 1414 931 deni.

377 995 437 1055 que
452 994 587 1048 versuum
605 976 745 1047 ¹varietate
765 975 864 1040 Latini
882 975 976 1036 secuti
996 987 1065 1036 sunt
1078 975 1212 1046 Graecos,
1235 975 1331 1036 Greci
1345 995 1414 1037 vero

377 1061 519 1152 naturam,
534 1081 581 1140 cui
593 1101 707 1161 semper
720 1093 807 1161 grata
812 1092 865 1142 est
876 1080 1056 1143 vicissitudo.

420 1186 509 1253 Quod
521 1186 560 1246 ad
572 1185 694 1245 alteram
707 1186 909 1264 questionem,
932 1207 985 1247 cur
1000 1187 1178 1248 diversorum
1198 1207 1338 1267 generum
1351 1206 1414 1248 ver·

379 1309 430 1348 sus
442 1289 598 1348 Terentius
611 1289 743 1362 misceat,
756 1300 788 1349 et
796 1309 879 1357 >nune
890 1293 1040 1352 tomorum
1052 1295 1227 1365 trtrmnetrrir,
1238 1313 1318 1352 nune
1332 1303 1415 1352 tetro·

379 1402 493 1452 mctrror
505 1394 636 1452 trimetris
648 1393 763 1466 inserat,
777 1413 854 1454 nunc
874 1395 903 1454 in
925 1396 1043 1457 divertis
1067 1406 1284 1458 tetrametromm
1306 1397 1418 1477 generi-

378 1499 434 1570 bus
448 1497 528 1557 idem
541 1497 646 1586 faciam
666 1497 721 1557 hoc
742 1517 858 1577 quoque
880 1500 989 1562 factum
1010 1499 1132 1560 arbitror
1155 1502 1194 1560 ob
1215 1501 1334 1561 easdem
1354 1501 1416 1562 sera

379 1621 493 1674 causas,
510 1613 541 1661 et
554 1612 587 1660 ut
606 1602 637 1660 in
656 1601 859 1680 prolixioribus
873 1603 976 1664 screnis
991 1603 1148 1664 dormitans
1168 1603 1263 1664 lector
1276 1605 1315 1664 ad
1334 1623 1417 1664 aurea

376 1707 542 1785 arrigendae
555 1706 713 1777 excitetur3
734 1707 787 1767 sed
800 1727 915 1788 semper
936 1709 1096 1768 commodis
1110 1710 1141 1768 in
1153 1710 1236 1781 locis,
1258 1719 1290 1770 et
1303 1710 1354 1770 ubi
1367 1729 1413 1769 res

379 1811 443 1890 ipse
458 1809 634 1871 mutationes
647 1812 786 1888 ejusmodi
806 1812 853 1871 vel
867 1814 989 1874 suadere
1002 1809 1054 1874 uel
1076 1815 1136 1894 pati
1156 1814 1259 1874 saltem
1277 1816 1417 1876 videatur.

382 1917 454 1977 Duo
466 1937 535 1977 vero
549 1937 668 1996 gemma
683 1918 762 1995 quod
776 1927 862 1977 antea
871 1919 979 1990 monui,
992 1930 1050 1978 tem
1065 1939 1167 1998 perum
1177 1913 1252 1978 iuter
1261 1919 1418 1990 sedistant,

382 2031 417 2080 ut
437 2040 537 2101 eorum
558 2019 677 2079 mistura
697 2020 1026 2083 meritonullacenseri
1039 2023 1156 2097 debeat,
1177 2025 1340 2084 trochaicum
1354 2025 1420 2084 dico

384 2134 406 2184 t.
416 2145 441 2183 c.
456 2124 645 2202 etjmubicum.
655 2133 678 2184 t.
692 2133 763 2184 ocot.
779 2145 846 2184 cum
859 2126 921 2186 sola
930 2128 1004 2186 inter
1017 2148 1116 2189 versus
1127 2149 1179 2189 eos
1198 2129 1360 2189 differentia
1370 2128 1417 2200 sit,

385 2229 465 2310 quod
480 2228 601 2288 alterum
615 2231 651 2288 ab
670 2229 752 2288 initio
772 2230 846 2289 alter
865 2251 923 2290 une
936 2233 1046 2311 syllaba
1058 2234 1105 2292 vel
1118 2234 1267 2312 semipede
1288 2233 1420 2294 excedat.

387 2335 490 2412 Atque
503 2333 568 2392 haec
586 2332 622 2393 de
637 2335 779 2394 trochaicis
793 2343 820 2393 et
830 2337 961 2412 jmnbicis
982 2338 1136 2416 generibus
1150 2337 1307 2399 dictasint.
1348 2338 1421 2398 Sunt

385 2438 495 2520 veroin
508 2439 655 2500 veteribus
675 2439 791 2499 comicis
805 2450 912 2518 praeter
933 2441 1006 2515 haec,
1027 2443 1162 2522 exempla
1182 2444 1316 2522 quaedum
1337 2461 1422 2524 gene·

386 2545 426 2603 ris
449 2545 537 2604 etiam
557 2544 689 2624 paeonici,
712 2563 812 2602 versus
830 2544 945 2606 scilicet
967 2547 1118 2607 bacchiaci
1141 2559 1172 2608 et
1196 2547 1314 2618 cretici;
1347 2563 1419 2627 quos

387 2650 466 2729 apud
486 2650 620 2729 Plautum
639 2670 746 2729 magno
760 2671 880 2711 numero
895 2652 969 2712 etin
983 2653 1060 2712 omni
1081 2652 1144 2712 fere
1165 2632 1265 2713 fabula
1285 2653 1421 2726 invenies,

387 2756 441 2817 sed
454 2756 485 2836 in
497 2756 635 2817 Terentio
655 2768 715 2818 tam
735 2757 821 2837 pauci
843 2768 920 2829 sunt,
943 2767 974 2817 ut
987 2777 1025 2819 ne
1038 2756 1086 2816 uni
1106 2755 1221 2837 quidem
1243 2757 1356 2837 paginae
1373 2758 1423 2817 im.

387 2862 503 2941 plendae
514 2862 674 2921 sufficiant:
690 2863 727 2921 de
741 2862 843 2939 quibus
857 2862 896 2921 ad
909 2862 975 2923 loca
986 2882 1040 2923 sua
1052 2861 1121 2923 setis
1135 2862 1203 2935 dixi,
1217 2872 1251 2921 ut
1264 2862 1298 2921 iis
1311 2862 1357 2924 hic
1371 2862 1422 2922 im·

388 2966 494 3049 morari
506 2967 591 3044 plane
601 2986 847 3045 supervacaneum
861 2968 907 3029 sit.

429 3071 526 3148 Pergo
539 3070 627 3149 igitur
639 3071 678 3131 ed
690 3072 810 3131 alteram
823 3072 909 3149 hujus
922 3074 1045 3135 instituti
1057 3085 1179 3153 partem,
1201 3092 1322 3153 eamque
1338 3074 1424 3151 longe

354 3230 357 3237 .
390 3174 593 3254 difficillimum,
607 3178 645 3237 de
659 3178 776 3237 licentiis
791 3177 898 3251 dicere,
915 3178 1021 3257 quibus
1039 3189 1151 3239 veteres
1170 3178 1274 3237 comici
1292 3178 1335 3235 usi
1348 3186 1424 3247 sunt,

391 3299 549 3359 earumque
570 3281 673 3341 modos
697 3291 728 3340 et
750 3282 878 3344 rationes
897 3301 1053 3363 exponere.
1092 3284 1130 3342 In
1142 3282 1246 3361 quibus
1264 3282 1426 3360 intelligen-

392 3386 438 3445 dis
458 3406 526 3446 cum
545 3385 673 3447 riderem
693 3406 741 3445 me
761 3407 864 3466 parum
884 3388 1018 3465 adjutum
1035 3378 1053 3447 a
1073 3386 1115 3445 rei
1135 3386 1264 3445 metricae
1284 3386 1427 3465 scriptori·

391 3490 456 3563 bus,
471 3511 592 3571 quorum
604 3503 746 3552 tractatus
763 3492 820 3554 hae
837 3492 868 3551 in
881 3502 964 3571 parte
978 3502 1046 3551 sunt
1059 3510 1147 3570 snpra
1160 3509 1247 3570 quam
1261 3489 1319 3549 dici
1331 3502 1427 3571 potest

393 3595 505 3655 steriles
516 3608 547 3656 et
554 3596 657 3675 jejuni,
664 3616 733 3668 ‚eum
747 3616 851 3656 eorum
870 3615 956 3655 nemo
969 3596 999 3653 in
1011 3614 1073 3653 rem
1090 3594 1176 3659 altine
1195 3594 1363 3673 penetrarit,
1378 3605 1428 3655 aut

392 3700 553 3780 quicquam,
566 3702 651 3761 solidi
671 3701 829 3772 tradiderit,
851 3710 958 3780 prater
981 3698 1112 3777 vulgario
1124 3699 1174 3760 illo
1193 3718 1260 3778 quoe
1281 3698 1310 3757 in
1337 3697 1426 3758 triviis

392 3817 464 3866 nota
482 3816 568 3876 sunt;
595 3806 714 3867 decrevi
735 3815 804 3865 ante
822 3804 921 3865 omnia
943 3804 1110 3863 Horatiorum
1132 3822 1232 3885 causas
1250 3814 1281 3863 et
1302 3804 1427 3882 origines

394 3921 533 3990 quantum
542 3912 625 3990 potui
636 3910 821 3988 investigare,
837 3918 868 3968 et
880 3908 935 3967 nisi
945 3906 1095 3989 plurimum
1110 3906 1205 3980 fallor,
1219 3926 1352 3987 qaenam
1364 3906 1431 3967 fue·

392 4014 458 4087 rint,
473 4034 532 4074 non
542 4016 662 4074 obscure
677 4012 863 4092 deprehendi.

435 4119 581 4200 Inprimis
603 4118 689 4198 igitur
715 4118 866 4179 sciendum
885 4126 932 4176 est
950 4116 1071 4175 locutios
1095 4116 1279 4189 comicorum,
1294 4118 1375 4197 quod
1393 4117 1430 4177 ad

396 4234 508 4302 partem
521 4243 620 4283 earum
633 4223 722 4302 longe
735 4224 900 4294 maximam,
912 4222 998 4281 unius
1012 4242 1076 4282 esse
1086 4223 1211 4301 generis,
1226 4238 1256 4283 et
1264 4224 1296 4281 in
1307 4223 1340 4283 id
1352 4224 1430 4295 ferri,

398 4337 433 4385 ut
450 4328 619 4406 popularem
639 4327 844 4407 pronunu'andi
863 4326 1100 4387 consuetudinem
1115 4338 1333 4406 repraesentent.
1355 4327 1433 4389 Cum

399 4429 477 4494 enirn
495 4432 637 4515 comedia
659 4434 689 4491 in
710 4452 746 4493 eo
770 4441 832 4493 tota
854 4431 891 4490 sit
911 4443 944 4491 ut
965 4451 1035 4491 vera
1048 4433 1115 4493 vitre
1127 4432 1263 4494 humanae
1275 4435 1313 4495 sit
1325 4433 1433 4513 imago,

399 4554 461 4597 non
483 4536 552 4598 retis
575 4549 639 4599 erat
658 4556 708 4600 eas
721 4536 775 4598 sibi
788 4537 924 4599 materias
939 4557 1073 4613 sumere,
1086 4559 1152 4620 que
1166 4540 1362 4622 equotidiana
1373 4541 1436 4601 vita

1286 4669 1387 4705 “’,Ι
