3292 5575
362 693 477 777 'imo
576 715 857 776 soacurmus
891 709 1206 776 comunimus

377 842 456 958 Quin
475 892 563 953 etiam
585 894 707 955 initiales
726 895 851 975 syllabas
870 896 951 975 quasi
970 897 1160 956 absorbentes
1179 895 1274 954 minus
1293 911 1409 975 expres·

376 1007 487 1059 tentat.
528 997 588 1057 Sed
600 998 640 1058 ad
650 999 835 1060 extritionem
847 1011 1034 1060 revertamur.
1075 1001 1197 1062 Deiituit
1210 999 1297 1080 igitur
1306 999 1340 1060 in
1351 998 1410 1058 La·

378 1097 553 1178 tinalingua
561 1119 639 1179 soepe
652 1121 689 1161 ac
702 1103 866 1162 muitumin
879 1105 1125 1182 pronunciatione,
1138 1104 1272 1166 litteras.
1307 1119 1313 1132 ⁴
1396 1145 1399 1153 ι

442 1289 447 1296 ’
536 1276 643 1338 Sunmis
656 1280 775 1357 Spurcss
787 1284 863 1343 homo
875 1285 934 1343 vito
946 1285 993 1342 itu
1005 1283 1102 1361 diguus
1115 1283 1232 1360 locoque.

536 1385 660 1443 Fomido
673 1387 739 1463 quid
749 1408 812 1464 ago,
827 1389 862 1447 dn
879 1388 907 1446 V
904 1407 967 1446 enus
978 1387 1123 1446 consilium.

537 1489 654 1549 Pandite
665 1492 743 1550 ruitis
752 1512 838 1569 genos

537 1592 643 1654 Pssuto
656 1595 781 1671 temporis
793 1595 915 1655 reddant.

378 1760 450 1821 Huc
463 1761 617 1821 referenda
628 1762 677 1821 iiia
689 1781 754 1842 quae
767 1781 786 1822 a
799 1762 944 1824 Cicerone
962 1772 1163 1833 memorantur,
1177 1760 1345 1834 multimodis,
1361 1777 1409 1820 oo-

375 1867 534 1944 surgeutcs's,
544 1869 637 1944 palpet
650 1868 766 1926 crinibus
783 1867 964 1946 tectifrnctir:
984 1886 1037 1947 pro
1051 1866 1146 1927 multis
1159 1864 1261 1936 modis,
1273 1863 1350 1924 vasis
1363 1883 1408 1924 ar·

377 1981 457 2048 gent
472 1971 574 2049 palmis
587 1980 617 2030 et
636 1991 678 2031 cr.
691 1973 777 2031 tectis
795 1973 830 2031 fr.
874 1973 914 2031 Et
929 1971 985 2030 illae
999 1975 1145 2047 συγκοπαὶ,
1158 1968 1320 2032 secundum
1337 1987 1408 2048 quas
1495 1957 1497 1964 ’

377 2075 437 2144 soii,
453 2082 483 2132 et
495 2075 539 2132 olo
551 2074 657 2144 extitit,
676 2075 714 2135 de
727 2076 832 2136 taxillis
846 2089 876 2138 et
893 2078 999 2138 axilla:
1020 2088 1050 2137 et
1063 2097 1147 2136 mrum
1153 2077 1274 2157 foetum,
1288 2075 1408 2146 mitius,

375 2195 430 2256 pro
443 2195 572 2236 meorum
584 2177 734 2250 factorum,
748 2191 780 2240 et
793 2181 964 2242 exitiorum:
984 2199 1051 2260 quse
1063 2181 1093 2239 in
1106 2179 1279 2262 qurisusdam
1295 2177 1409 2238 unsara

376 2279 531 2340 admodum
552 2280 678 2354 fuerunt,
703 2285 788 2356 ᾰιιιιιι,
808 2305 914 2344 numum
938 2306 1055 2358 aureum,
1083 2286 1200 2344 iidemu.
1242 2283 1409 2350 Quinctium

377 2382 497 2444 duorum
508 2383 632 2443 virorum
639 2385 790 2461 judicium,
800 2399 852 2446 eut
864 2387 951 2448 trium
964 2388 1088 2448 virorum
1108 2387 1283 2468 capitalium,
1297 2397 1349 2446 ant
1359 2384 1410 2446 de·

376 2507 442 2549 cem
458 2487 584 2548 virorum
596 2489 691 2550 litibus
707 2491 883 2567 Judieandis,
903 2493 943 2554 ait
956 2512 988 2553 se
1005 2491 1120 2564 Cicero,
1138 2491 1237 2552 dicere
1248 2509 1407 2569 nunquam,

374 2592 518 2672 quomodo
536 2593 629 2673 ergo?
651 2595 783 2656 nimirum
804 2601 1042 2676 συγκεκομμένοις,
1057 2597 1137 2654 duum
1157 2597 1252 2667 mnaso,
1271 2607 1302 2655 et
1321 2594 1407 2654 uiuum

376 2699 472 2770 virum,
484 2710 515 2760 et
525 2700 630 2761 decem
640 2702 736 2761 cirum.
776 2702 853 2762 Item
867 2700 932 2772 siet,
947 2700 994 2762 sit.
1035 2699 1062 2758 E
1075 2717 1135 2778 rep.
1149 2718 1202 2778 pro
1216 2717 1254 2758 ex
1266 2721 1274 2758 ι
1291 2698 1408 2774 pomeri·

375 2807 460 2865 dois
476 2807 640 2886 quadrigas,
654 2828 707 2886 pro
724 2806 971 2888 postmeridianus.
1012 2806 1069 2865 His
1087 2805 1231 2866 addantur
1249 2808 1408 2865 drororos‘:

376 2910 462 2968 oidm'
476 2911 530 2969 αιίι·
542 2911 623 2969 sotio'
633 2913 699 2969 mess·
716 2912 806 2970 oritis
827 2910 983 2991 dequibus
1002 2910 1159 2970 abscissum
1173 2920 1218 2969 est
1238 2928 1285 2969 ne.
1326 2909 1409 2981 Etis,

377 3016 445 3086 dein,
456 3017 548 3092 proin,
562 3027 711 3095 amputato
723 3016 761 3076 de
771 3037 781 3077 ε
792 3018 897 3097 famul,
911 3034 963 3095 pro
975 3014 1108 3074 famulus.
1127 3012 1298 3074 Lucretius:

534 3194 603 3254 Ossa
617 3195 676 3254 dedi
689 3202 769 3253 terras·
778 3196 890 3271 proinde
902 3193 1035 3272 ocfomul
1044 3194 1150 3269 isyimus
1163 3202 1241 3251 esset.

379 3360 474 3438 Volup,
489 3361 751 3440 raimai,esemp1or,
771 3362 928 3443 dequibus
949 3362 1072 3425 recisum
1094 3371 1139 3423 est
1158 3380 1185 3421 e.
1202 3361 1252 3433 iili,
1268 3380 1322 3442 pro
1336 3361 1417 3424 illio

372 3466 440 3527 Jam
454 3468 492 3528 de
504 3467 693 3547 productione
706 3481 737 3529 et
749 3471 930 3549 correptione
942 3472 1084 3533 vocalium
1100 3472 1190 3531 multa
1205 3468 1263 3529 dici
1278 3478 1407 3547 possem.

373 3571 447 3644 Fuit,
452 3573 521 3650 fieri
528 3596 538 3631 .·
558 3584 678 3634 extenta
689 3574 785 3653 priore
797 3574 919 3654 syllaba.
959 3576 1083 3648 Inclitrss,
1094 3586 1128 3634 ut
1137 3574 1177 3634 ait
1187 3575 1301 3645 Cicero,
1314 3572 1407 3653 prima

371 3678 462 3738 brevi.
505 3676 670 3738 Secundum
680 3678 745 3738 hoec
754 3680 828 3739 fiunt
841 3678 967 3741 mirificoe
981 3680 1153 3761 collisiones,
1164 3680 1307 3753 elisiones,
1317 3677 1408 3739 detri-

372 3782 475 3853 tiones,
493 3791 523 3841 et
539 3783 809 3861 comprehensiones
821 3785 968 3845 literarum
981 3806 1015 3846 ac
1028 3787 1212 3867 syllabarum,
1232 3796 1263 3845 ct
1280 3803 1407 3865 pronun·

372 3885 496 3945 ciationc
509 3904 587 3956 vera,
607 3906 692 3965 quarn
709 3907 788 3965 saepe
801 3908 854 3947 nos
869 3908 928 3948 non
945 3908 1094 3969 possumus
1111 3891 1284 3968 conjecturis
1302 3888 1406 3949 nostris

371 3990 519 4069 consequi,
533 4010 631 4050 versus
644 3992 822 4070 procedunt:
842 3993 989 4072 inquibus
1006 3998 1149 4075 scriptura
1161 4015 1219 4055 non
1238 4014 1312 4068 raro,
1331 4012 1406 4074 prse-

370 4096 467 4155 sertim
485 4096 514 4155 in
534 4096 693 4169 dilatando,
707 4117 843 4157 numeros
855 4117 914 4156 non
929 4109 1034 4157 servat.
1077 4098 1136 4158 Sed
1154 4109 1277 4160 nuncet
1293 4118 1404 4172 cmurn,

371 4198 410 4257 de
427 4200 529 4277 qurisus
546 4200 637 4261 multo
651 4202 742 4261 minus
756 4201 889 4272 diximus,
904 4222 990 4281 quam
1008 4202 1066 4263 dici
1086 4203 1240 4282 potuisset,
1260 4214 1406 4264 ettamen

371 4300 441 4359 satis
453 4300 541 4362 fuisse
554 4303 740 4365 manifestum
753 4304 892 4365 indicium
911 4307 1033 4381 videtur,
1048 4307 1182 4368 Plautina
1194 4308 1326 4387 exempla
1336 4307 1405 4367 affc-

371 4424 482 4465 ramua:
492 4415 524 4465 et
536 4406 577 4465 ita
589 4405 705 4468 tandem
718 4408 793 4468 hanc
804 4401 887 4489 quiesi
902 4410 1225 4472 commentatiunculum
1235 4412 1386 4475 timemus:

490 4567 606 4628 Similem
619 4574 742 4650 semipes
754 4575 783 4633 iu
797 4576 973 4653 itgmjrurit
982 4596 1042 4639 esse
1056 4576 1196 4655 erpt'ter.
