3292 5575
412 1069 497 1136 ‘on
532 1051 752 1138 marrona
784 1052 959 1162 unsar,
973 1049 1303 1170 manummi-

694 1231 763 1298 ro.
796 1179 1049 1298 cancros(

348 1475 434 1537 —ssms
447 1478 552 1539 Metrls
566 1473 749 1539 Terentianis
764 1490 797 1538 ot
810 1479 903 1539 multa
917 1479 1021 1550 dicam,
1034 1497 1130 1557 neque
1143 1476 1269 1536 instituti
1278 1470 1372 1535 nolui

312 1577 598 1664 ‘=bieritas·patitur;
617 1597 648 1644 et
664 1585 850 1665 plorimi,'qui
864 1585 902 1644 de
921 1585 978 1644 bac
993 1602 1027 1642 re
1042 1579 1226 1661 scripserunt,
1239 1579 1291 1639 riri
1306 1580 1375 1638 doc·

332 1690 434 1750 tissimi
453 1708 698 1771 supervacaneum
719 1691 780 1750 t'ere
806 1691 971 1751 fecerunta
993 1683 1058 1748 sed'
1077 1681 1221 1766 quonism·
1234 1684 1264 1743 in
1275 1681 1374 1744 *ruiis

331 1794 418 1871 buj'ua
436 1797 561 1856 auctoris
578 1797 750 1860 lectionibus
771 1795 963 1872 dijudicandis
984 1793 1064 1856 metri
1084 1792 1156 1854 ratio
1177 1789 1255 1850 baud
1272 1807 1373 1868 parurn

328 1901 422 1977 juvat,
438 1901 548 1962 idcirco
564 1922 658 1982 pauca
677 1903 819 1983 quaedam,
840 1923 907 1982 quse
925 1903 984 1960 hcc
1005 1908 1150 1980 spectant,
1170 1893 1373 1977 praemittenda

333 2005 480 2066 duximus.

371 2109 484 2169 Versus
496 2111 590 2190 igitur,
598 2112 708 2192 quibus
718 2113 808 2171 utitur
821 2112 985 2183 Terentius,
1001 2122 1069 2169 sunt
1082 2109 1252 2189 plerumque
1260 2105 1308 2164 vel
1322 2103 1373 2163 tri-

332 2215 415 2274 metri
428 2216 488 2275 sive
502 2218 616 2289 senarii,
630 2218 678 2277 vel
691 2217 853 2278 tetrametri
869 2237 922 2277 seu
936 2215 1089 2277 octonarii:
1112 2213 1239 2274 dimetris
1253 2211 1372 2292 quidem

330 2337 547 2398 nonnunquam,
560 2321 614 2380 scd
625 2321 723 2395 rarius,
738 2323 844 2393 utitur;
864 2321 1047 2412 monometris
1061 2320 1211 2381 rarissime.

756 2480 803 2539 Dc
816 2478 948 2538 Sertoriis.

371 2633 481 2694 Notum
501 2646 546 2694 est
566 2635 701 2696 senarios
721 2636 790 2695 olim
808 2637 952 2717 perfectos
972 2657 1025 2697 sex
1041 2637 1165 2718 pedibus
1179 2635 1284 2713 jambis
1303 2655 1374 2696 con-

331 2739 455 2803 stitisse:
477 2738 570 2823 qualis
584 2750 639 2813 est,

568 2885 725 2942 Amantium
738 2885 787 2942 irc
800 2886 898 2944 emor-is
911 2888 1058 2965 integratio
1072 2894 1121 2946 est.

331 3025 392 3084 Sed
405 3035 510 3103 preter
521 3024 601 3084 bunc
611 3044 727 3083 versum
740 3025 842 3085 nullibi
855 3046 902 3085 me
916 3047 1018 3105 purum
1029 3027 1188 3105 Jambicum
1202 3027 1279 3106 apud
1291 3026 1372 3087 hunc

329 3139 477 3189 auctorem
497 3129 723 3209 deprehendisse
742 3130 877 3190 memini:
901 3131 1079 3211 quodetiam
1098 3131 1169 3190 facit
1189 3140 1222 3190 ut
1239 3132 1369 3204 credam,

328 3234 507 3312 proverbiale
520 3233 576 3293 hoc
585 3234 675 3293 fnisse
689 3234 807 3306 dictum,
819 3234 857 3294 ab
870 3235 1032 3313 antiquiore
1046 3236 1143 3315 aliquo
1155 3246 1244 3315 pocta
1255 3246 1369 3295 mutua·

327 3353 400 3401 tum.
440 3342 559 3402 Deinde
579 3353 675 3402 autem
695 3355 846 3423 receptum
865 3356 919 3417 est,
942 3353 974 3400 ut
995 3352 1101 3419 proetcr
1118 3340 1223 3419 pedem
1237 3342 1369 3417 jambum

328 3448 496 3527 tribrachyn
511 3448 571 3527 (qui
580 3447 614 3506 lit
627 3459 658 3507 et
670 3447 845 3509 resolutione
854 3446 957 3524 J'ambi)
968 3446 1055 3506 etiam
1065 3448 1213 3526 'spondeus
1227 3457 1258 3506 et
1269 3466 1371 3507 omnes

327 3552 420 3632 pedes
438 3552 486 3630 qui
508 3562 577 3610 sunt
594 3552 723 3628 ejusdem
743 3573 810 3613 cum
832 3551 962 3631 spondeo
979 3551 1117 3631 temporis
1132 3552 1246 3630 (proetcr
1259 3552 1369 3631 amphi·
1465 3610 1467 3613 .

325 3655 467 3735 brachyn)
485 3656 514 3714 in
535 3656 652 3715 sedibus
664 3657 830 3737 imparibus,
843 3677 949 3742 nempe
969 3657 1070 3736 prima,
1089 3656 1183 3727 tertia,
1197 3656 1296 3735 quinta
1315 3656 1368 3715 ad-

327 3760 527 3832 mitterentur;
545 3760 626 3821 locos
638 3782 721 3840 pares
735 3763 754 3820 i.
769 3784 794 3821 e.
808 3764 976 3833 secundum,
991 3770 1134 3840 quartum,
1149 3770 1264 3819 sextum
1283 3778 1369 3819 oocu-

326 3879 416 3946 pante
429 3866 544 3926 interim
557 3867 619 3926 solo
633 3867 738 3926 iambo.
779 3868 956 3944 Hujusmodi
969 3886 1066 3927 versus
1080 3865 1159 3947 apud
1170 3865 1293 3925 Graecos
1307 3876 1368 3924 tam

327 3972 453 4031 comicos
472 3991 558 4052 quam
573 3972 700 4050 tragicos
715 3972 902 4044 usitatissimi,
918 3972 996 4053 apud
1012 3983 1143 4031 nostrum
1160 3980 1309 4039 auctorem
1322 3971 1366 4029 in·

325 4076 451 4148 terdum,
464 4076 519 4136 sed
530 4076 625 4135 minus
637 4075 813 4154 frequenter,
828 4086 989 4156 apparent:
1010 4090 1052 4149 ut,

484 4221 588 4277 Accede
601 4221 638 4278 od
648 4219 738 4297 ignem
750 4220 898 4297 lorcyum
911 4220 1023 4279 calesces
1032 4220 1095 4295 plus
1108 4200 1185 4277 sotis.

326 4370 477 4432 Postremo
497 4373 594 4451 igitur,
616 4386 649 4433 ut
667 4385 787 4435 metmm
807 4359 951 4433 cornicum
972 4376 1011 4433 ad
1035 4393 1197 4435 sermonem
1217 4374 1364 4451 vulgarem

325 4479 442 4559 propius
452 4480 618 4549 accederet,
633 4479 670 4538 de
684 4481 755 4540 sede
773 4490 858 4539 sexta
869 4490 981 4539 tautum
996 4480 1055 4537 sive
1070 4479 1169 4537 ultima
1183 4478 1285 4539 soliciti
1301 4500 1367 4541 esse

324 4595 482 4664 caeperunt,
492 4596 524 4643 ut
538 4585 629 4665 ipsam
640 4605 755 4665 semper
762 4584 879 4662 jambus
894 4594 1067 4665 occuparet3
1087 4585 1116 4643 in
1128 4586 1241 4647 catoris
1256 4597 1362 4660 autern,
