3292 5575
359 698 446 758 xcvi*
605 697 668 757 DE
699 697 883 757 METRIS
915 695 1132 758 consscts.

359 876 457 937 metici
469 895 549 947 usus,
561 875 616 936 nisi
638 896 705 936 cum
717 876 748 935 in
767 876 826 936 fine
849 894 949 938 versus
972 877 1080 958 dactyli
1102 877 1148 937 vel
1173 874 1274 936 cretici
1295 876 1394 935 locum

357 982 487 1054 sustinet,
501 982 581 1061 quod
603 981 759 1061 saepissime
782 980 824 1040 lit.
870 982 947 1048 Quin
970 993 1001 1042 et
1025 1003 1043 1042 e
1066 982 1163 1042 metn'a
1184 1000 1271 1061 supra
1293 979 1395 1060 positis

357 1087 414 1148 ista
424 1087 568 1168 inquibus
579 1107 632 1167 pes
650 1087 793 1166 posterior
812 1099 858 1147 est
869 1087 1011 1167 dactylus,
1025 1087 1072 1146 vel
1089 1087 1139 1147 ubi
1153 1086 1255 1146 nimius
1268 1085 1394 1164 syllaba-

357 1213 423 1252 rum
445 1194 576 1254 brevium
599 1213 765 1266 concursus,
779 1193 869 1252 rarius
891 1203 1075 1274 usurpantur.
1090 1191 1199 1272 optima
1219 1202 1321 1251 contre
1343 1189 1393 1249 illa

358 1307 435 1372 sunt,
446 1299 477 1358 in
490 1299 593 1379 quibua
606 1299 718 1380 primus
731 1319 784 1378 pes
796 1299 942 1358 trochoeus
965 1297 1011 1356 vel
1024 1298 1154 1372 trocheo
1176 1316 1237 1376 par,
1260 1295 1307 1356 vel
1325 1314 1394 1355 ana·

357 1391 485 1485 pestus}
503 1405 577 1466 alter
590 1397 659 1465 vero
668 1405 715 1464 vel
728 1405 885 1486 spondeus,
898 1403 945 1462 vel
956 1414 1130 1483 anapestus.
1159 1403 1251 1462 Purus
1260 1401 1337 1461 enim
1351 1399 1396 1460 di·

357 1511 502 1572 trocheus
516 1522 561 1571 est
573 1510 663 1598 levior
673 1529 810 1572 numerus
824 1520 856 1569 et
866 1508 995 1588 tripudiis
1003 1529 1089 1588 quam
1101 1507 1281 1568 sermonibus
1291 1506 1395 1586 aptior,

357 1614 483 1696 ideoque
505 1617 652 1678 levitatem
672 1617 757 1678 istam
776 1617 966 1697 adjunctione
987 1613 1117 1674 tardioris
1138 1613 1220 1692 pedis
1233 1623 1396 1692 temperare

359 1719 450 1781 visum
463 1733 517 1782 eat.

356 1832 358 1846 '
397 1827 455 1888 His
467 1826 505 1886 de
526 1828 625 1888 metris
650 1830 813 1909 premissis,
825 1832 886 1909 jam
916 1827 1077 1889 adversus
1101 1826 1180 1905 ipsos
1201 1823 1396 1892 accedamue;

358 1951 431 2013 quoa
445 1942 478 1991 ut
488 1932 610 2012 penifiua
623 1932 829 2013 intelligamus,
851 1944 919 1994 ante
934 1930 1030 1992 omnia
1041 1932 1096 1990 boc
1106 1928 1246 2010 principio
1259 1929 1337 1998 loco,
1351 1937 1395 1986 ut·

357 2047 427 2115 pote
441 2055 499 2114 quo
511 2035 645 2097 totalere
658 2056 705 2097 res
726 2037 870 2108 innitatur,
893 2037 1058 2118 ponendum
1077 2045 1132 2106 est,
1149 2051 1248 2094 versus
1270 2031 1398 2091 omnicos

358 2145 557 2222 cujuscunque
577 2142 692 2220 generis
715 2162 773 2203 non
796 2161 850 2222 per
863 2141 1009 2223 simplices
1029 2141 1132 2221 pedes,
1155 2139 1208 2199 sed
1231 2157 1283 2217 per
1305 2145 1399 2196 metra

358 2251 411 2306 teu
423 2244 549 2313 διποδίας
561 2244 752 2307 dimetiendos
765 2267 841 2308 etse.

398 2349 469 2409 Hoc
481 2351 757 2430 praeceptumque
771 2363 816 2412 est
830 2352 971 2432 quantivis
980 2350 1066 2431 pretii
1076 2349 1106 2408 in
1120 2367 1151 2409 re
1170 2347 1302 2418 metrica,
1313 2345 1397 2406 Gree-

361 2453 403 2514 cis
416 2453 501 2513 unico
515 2454 666 2515 debemus.
707 2457 820 2523 Quibus
834 2476 894 2515 non
907 2467 953 2516 est
963 2456 1048 2536 copia
1061 2451 1231 2516 consulendi
1244 2453 1282 2512 de
1296 2449 1352 2511 bec
1365 2469 1397 2510 re

360 2557 577 2638 Hephaestionis
600 2558 789 2619 Alexandrini
812 2560 941 2620 libellum
966 2560 1004 2620 de
1025 2561 1132 2632 metris,
1148 2559 1198 2639 qui
1207 2564 1268 2634 jam
1281 2558 1330 2618 diu
1351 2567 1396 2618 est

354 2663 524 2737 rarissimus,
543 2665 652 2725 adeant
661 2677 762 2726 vetera
772 2666 861 2727 scolis
872 2667 903 2725 in
918 2666 1146 2747 Aristophanem,
1160 2666 1207 2726 vel
1219 2664 1350 2725 Triclinii
1363 2664 1393 2722 in

359 2767 551 2851 Sophoclem:
572 2771 647 2832 iniis
665 2771 804 2834 videbunt
816 2793 917 2833 versus
931 2792 1031 2833 omnes
1042 2792 1093 2853 per
1113 2772 1227 2851 integra
1239 2770 1287 2831 illa
1306 2770 1397 2849 scrip.

358 2885 390 2934 ta
401 2894 455 2954 per
466 2874 592 2942 διποδίας
603 2875 758 2935 dimensos.
769 2875 847 2955 quod
866 2877 944 2957 apud
965 2877 1085 2939 Greecos
1104 2890 1164 2939 tam
1176 2888 1310 2939 constent
1330 2876 1397 2947 fuit,

358 2990 392 3039 ut
404 2979 474 3040 inde
496 2980 612 3040 nomina
629 2981 758 3042 versibus
779 2979 942 3055 indiderint,
965 3002 1001 3043 ac
1022 2984 1158 3043 trimetros
1177 2993 1208 3041 et
1227 2991 1398 3041 tetrametroo

360 3082 496 3156 dixerint,
507 3104 580 3164 quos
597 3084 694 3144 Latini
710 3104 769 3146 non
786 3086 847 3146 aine
868 3107 974 3167 magno
994 3089 1037 3147 rei
1054 3088 1183 3149 metricae
1201 3088 1397 3158 incommodo,

361 3191 480 3249 senarios
493 3200 523 3249 et
548 3192 707 3251 octonarios.
747 3192 829 3251 Hinc
853 3192 930 3253 enim
951 3192 1061 3253 factum
1079 3204 1123 3253 est
1142 3204 1175 3252 ut
1184 3203 1268 3251 vetus
1283 3191 1334 3250 ille
1346 3208 1401 3271 per

360 3304 454 3353 metra
467 3294 607 3355 dimensio
619 3296 757 3376 paulatim
770 3297 799 3355 in
814 3298 1033 3358 desuetudinem
1046 3298 1157 3371 abierit,
1171 3309 1200 3359 et
1212 3317 1271 3357 una
1284 3316 1398 3357 cumea

327 3438 333 3445 ·
361 3398 403 3460 rei
416 3398 545 3460 metricas
558 3399 687 3472 scientia,
701 3400 779 3482 quod
799 3400 837 3461 ad
853 3404 918 3464 baec
936 3418 1069 3463 versuum
1088 3422 1206 3482 genera,
1230 3404 1292 3463 fere
1310 3401 1398 3462 inter·

363 3504 474 3564 ciderit.
525 3504 584 3572 Qui
609 3506 687 3565 enim
711 3517 870 3566 metrorum
892 3506 1017 3567 subsidio
1038 3507 1202 3579 destitutus,
1237 3507 1274 3567 de
1299 3524 1400 3567 versuo

360 3626 496 3669 mensura
507 3608 639 3685 judicare
657 3612 768 3691 nequit,
779 3611 835 3671 nisi
845 3632 880 3671 ex
890 3612 997 3691 pedum
1010 3612 1181 3691 simplicium
1194 3631 1324 3681 numero,
1340 3630 1397 3670 nec

361 3712 424 3792 ipse
435 3724 567 3773 veterum
577 3715 751 3775 comicorum
765 3717 871 3796 scripta
883 3728 951 3797 apte
973 3728 1004 3777 et
1021 3737 1171 3777 numerose
1195 3718 1284 3796 leget,
1303 3734 1399 3795 neque

362 3817 387 3876 si
401 3819 437 3878 ab
449 3817 511 3878 aliis
522 3819 688 3893 recitentur,
702 3840 852 3881 numerum
867 3823 896 3881 in
910 3822 943 3882 iis
963 3822 1086 3901 aliquem
1106 3819 1323 3900 deprehendet;
1344 3838 1399 3877 nec

363 3942 490 4002 unquam
504 3923 586 3996 sciet,
600 3944 670 3983 num
687 3944 786 3985 versus
802 3926 861 3987 suis
879 3926 1005 3985 numeris
1022 3936 1144 3997 constet,
1159 3924 1213 3985 nisi
1234 3925 1273 3984 ad
1291 3924 1400 4002 digitos

363 4027 473 4107 exigat,
486 4030 563 4107 quod
572 4048 629 4088 non
642 4030 795 4090 molestum
808 4030 907 4101 modo,
923 4030 975 4091 sed
986 4042 1016 4090 et
1030 4030 1113 4090 nimis
1127 4049 1213 4109 quam
1227 4028 1401 4097 absurdum

365 4152 430 4191 curn
440 4144 471 4193 et
487 4133 604 4195 nimiam
619 4134 651 4194 id
669 4135 745 4195 inter
754 4136 910 4215 legendum
927 4136 973 4196 vel
993 4135 1168 4195 audiendum
1187 4155 1305 4207 morum,
1325 4154 1399 4216 prae·

364 4246 498 4314 terquam
507 4258 554 4298 rea
566 4238 684 4319 patitur,
704 4240 840 4320 postulet,
860 4223 1037 4320 manumque
1052 4260 1167 4301 omnem
1182 4252 1213 4301 et
1219 4250 1400 4301 venustatem

365 4358 550 4400 numerorum
562 4344 600 4403 ab
613 4364 691 4413 aure,
705 4350 786 4421 eujus
798 4364 888 4404 unum
905 4355 950 4405 est
968 4345 1005 4405 de
1019 4344 1299 4422 numerisjudicium,
1310 4356 1340 4405 et
1353 4345 1400 4405 eui

366 4444 549 4506 delectandos
559 4450 703 4528 precipue
713 4450 880 4522 inserviunt,
895 4450 925 4509 in
943 4461 1036 4510 totum
1051 4450 1169 4511 eximat.
1211 4450 1331 4522 Contra,
1351 4449 1401 4528 qui

365 4552 494 4613 versibus
505 4553 620 4615 comicis
635 4575 688 4635 per
697 4567 790 4623 metra
802 4554 986 4618 dimetiendis
1000 4554 1168 4630 assueverit,
1179 4555 1275 4619 statim
1285 4574 1324 4617 ex
1337 4553 1404 4635 ipso
