3292 5575
541 1365 1014 1452 ARGUMENTUM.

732 1645 830 1678 ,-

320 1877 379 1940 EX
392 1878 507 1939 duobus
528 1878 638 1940 Atb'cis
649 1878 799 1952 fratribus,
811 1877 887 1938 alter
898 1876 1017 1957 quidem
1032 1877 1149 1939 Demea
1158 1877 1275 1940 nomine

279 1995 330 2036 rus
349 1976 449 2049 coluit,
474 1995 596 2037 uxorem
619 1976 715 2048 duxit,
728 1975 805 2036 tilios
816 1975 948 2056 suscepit
958 1975 1041 2046 duos,
1056 1975 1230 2035 AEschinum
1244 1987 1276 2036 et

278 2073 499 2154 Ctesiphonem.
539 2073 579 2132 At
604 2073 689 2146 alter,
711 2073 805 2133 Micio
827 2072 955 2144 nomine,
978 2091 1100 2132 uxorem
1111 2093 1170 2132 nou
1184 2073 1277 2144 duxit,

277 2180 309 2234 et
328 2167 405 2230 tilios
427 2189 583 2249 procreare
606 2169 717 2230 noluit:
738 2171 792 2230 scd
812 2170 867 2230 sibi
885 2170 977 2229 filium
990 2169 1087 2229 fratris
1101 2169 1277 2230 AEschinum

277 2267 450 2348 adoptavit:
472 2279 562 2347 atque
579 2268 623 2328 ita
642 2266 830 2346 indulgenter
848 2265 950 2326 eduxit
963 2285 981 2326 a
994 2265 1125 2346 parvulo,
1140 2278 1173 2326 ut
1186 2266 1276 2326 effinse

274 2365 436 2428 luxurium
448 2366 631 2438 adolescens,
642 2357 684 2425 'ad
694 2376 874 2444 postremum
883 2361 976 2422 civem
990 2363 1121 2424 Atticam
1134 2363 1275 2442 virginem

275 2462 401 2535 vitiaret,
420 2474 525 2542 captus
548 2481 648 2523 amore
672 2467 743 2539 ejus
756 2479 814 2540 quo
828 2459 919 2530 facto,
934 2471 1041 2520 etcum
1056 2471 1147 2520 matre
1168 2461 1275 2540 puellae

274 2559 388 2639 pepigit
395 2557 513 2639 nuptias
527 2559 669 2638 ejusdem,
690 2577 777 2638 quam
791 2556 910 2616 vitiavit.
951 2558 1107 2636 Quumque
1129 2575 1200 2616 rem.
1211 2577 1277 2636 ges-

275 2667 335 2715 tsm
348 2655 388 2715 ad
400 2655 502 2735 patris,
516 2675 535 2714 s
547 2674 607 2734 quo
617 2654 774 2733 adoptatus
782 2652 889 2724 fuerat,
903 2651 1109 2720 conscientium
1124 2655 1186 2730 jam
1201 2657 1276 2728 jam·

274 2772 334 2833 que
345 2738 511 2834 perlaturus
520 2763 609 2825 esset,
620 2751 755 2832 precibus
766 2749 952 2830 Ctesiphonis
961 2749 1059 2809 fratris
1072 2749 1127 2821 sui,
1138 2750 1188 2831 qui
1196 2750 1276 2831 apud

276 2849 381 2909 durum
390 2860 502 2931 patrem
512 2861 602 2929 atque
615 2858 762 2928 agrestem
771 2849 917 2908 Demeam
931 2848 1049 2927 parcius
1064 2859 1154 2927 atque
1168 2848 1276 2908 arctius

275 2946 442 3019 baberetur,
455 2948 599 3027 impulsus
619 2959 675 3017 est,
695 2958 726 3007 et
737 2959 772 3006 ut
784 2945 881 3007 eidem
896 2964 914 3005 a
931 2945 1039 3005 lenone
1053 2956 1169 3025 raperet
1180 2966 1276 3007 mere·
1318 2954 1322 2963 '

275 3044 395 3105 tricem:
416 3065 475 3125 quo
487 3043 578 3117 tacto,
593 3044 744 3125 multiplici
758 3062 858 3104 errore
872 3044 1035 3125 completur
1046 3044 1156 3104 fabula.
1197 3045 1275 3105 Nam

276 3151 307 3200 ct
316 3141 433 3201 Demea
446 3160 515 3201 cum
528 3141 584 3200 hoc
598 3142 671 3221 ipso,
685 3142 717 3201 id
737 3152 791 3211 est,
807 3160 875 3201 cum
896 3140 1028 3201 Micione
1047 3140 1190 3221 litigabat,
1213 3154 1277 3203 tan-

275 3257 363 3316 quam
376 3258 446 3298 cum
457 3258 494 3299 eo
508 3238 558 3317 qui
571 3238 731 3317 corruperit
745 3239 965 3298 adolescentem
978 3237 1161 3317 adoptatum,
1176 3240 1206 3299 iu
1214 3261 1276 3301 mo·

276 3352 323 3393 res
335 3334 476 3414 perditos,
489 3334 622 3394 nesciens
634 3355 720 3396 suum
730 3335 784 3395 sibi
797 3334 888 3393 filium
909 3334 1120 3415 Ctesiphonem
1134 3356 1198 3397 esse
1213 3357 1278 3397 cor·

277 3442 403 3511 ruptum,
426 3431 613 3511 eluditurque
631 3450 649 3490 a
668 3430 743 3510 Syro
762 3443 794 3492 et
813 3431 947 3492 Miciouc
966 3452 1019 3512 per
1030 3442 1122 3493 totam
1135 3433 1275 3494 fabulam.

278 3526 320 3587 Et
331 3539 425 3587 mater
438 3528 544 3607 puellae
553 3534 615 3603 jam
624 3528 741 3589 decimo
751 3548 851 3590 meme
865 3540 932 3609 post
944 3540 1060 3609 raptum
1073 3529 1201 3609 virginis,
1222 3530 1275 3603 ΛΕ·

277 3624 409 3683 schinum
430 3624 524 3684 credit
538 3624 593 3685 sibi
603 3624 657 3704 ipsi
669 3624 798 3704 rapuisse
811 3626 1007 3688 meretricem.
1017 3646 1082 3706 quoe
1095 3627 1275 3705 perturbatio

276 3719 335 3779 cito
347 3720 379 3779 in
391 3720 576 3800 tranquillum
589 3720 778 3801 redactapst.
819 3722 898 3783 Nam
921 3742 954 3783 re
977 3734 1127 3802 comperta
1149 3723 1187 3783 de
1204 3723 1274 3783 vitio

279 3816 406 3896 virginis,
421 3818 516 3877 Micio
526 3819 578 3877 dat
595 3817 689 3879 civem
702 3818 845 3878 AEschino
856 3839 942 3898 quam
957 3819 1181 3900 concupiverat:
1203 3803 1287 3894 ejus?

276 3934 335 3993 que
359 3926 484 3975 matrem
502 3915 565 3994 ipse
585 3914 702 3995 accipit.
743 3916 940 3995 Deprehenso
953 3935 1023 3975 vero
1043 3914 1221 3995 ctesiphone
1244 3916 1274 3973 in

275 4030 374 4071 amore
383 4012 554 4085 meretricis,
568 4012 662 4093 primo
672 4014 808 4072 irascitur
818 4012 953 4072 Demea:
974 4022 1041 4091 post
1055 4010 1171 4083 lenitur,
1185 4020 1274 4088 atque

277 4107 422 4169 habendoe
435 4112 499 4187 ejus
513 4110 676 4170 meretricis
686 4109 834 4170 licentiam
842 4108 962 4187 praebet
1004 4108 1114 4165 Primus
1126 4106 1275 4165 octushoec

278 4206 420 4277 continet,
445 4205 583 4266 Micionis
606 4206 695 4266 solius
712 4205 805 4288 primo
815 4206 922 4265 verbar
944 4214 975 4263 et
996 4215 1072 4284 post,
1093 4202 1226 4281 ejusdem
1243 4216 1275 4265 et

278 4302 405 4362 Demere
422 4302 563 4382 jurgium.
605 4302 741 4361 Secundus
761 4310 840 4361 nctus
853 4302 917 4361 haec
938 4301 1079 4373 continet,
1099 4300 1211 4362 lenonis
1235 4302 1277 4361 al·

276 4409 372 4459 teram
385 4398 481 4459 rixam
493 4400 632 4459 adversus
647 4398 822 4458 AEschinum
842 4418 894 4477 pro
914 4397 1029 4477 puella:
1050 4398 1182 4475 ejusdem
1198 4399 1275 4479 apud

278 4494 387 4575 Syrum
401 4496 554 4575 querelas:
575 4495 705 4555 laetitiam
714 4494 919 4574 Ctesiphonis:
940 4493 1137 4553 obsessionem
1155 4494 1276 4553 amice:

279 4602 312 4655 et
325 4592 459 4671 ejusdcm
472 4592 633 4671 gratiarum
647 4590 778 4651 actiones
788 4590 866 4670 apud
879 4590 1062 4653 AEschinurn.
1105 4590 1214 4649 Tertius
1232 4610 1277 4649 oc-

279 4698 325 4748 tar
345 4689 411 4753 hac
424 4690 564 4763 continet,
579 4687 804 4769 trepidationem
814 4688 912 4751 matris
926 4687 1066 4779 Spstrataa
1080 4697 1111 4747 et
1120 4687 1276 4749 Canthara
