3292 5575
393 1104 506 1170 AELII
529 1105 727 1184 DONATI,
749 1107 793 1170 V.
810 1107 849 1171 C.
866 1103 1112 1170 ORATORIS
1134 1101 1279 1169 URBIS

476 1293 590 1350 ROMAE,
607 1295 778 1342 PRAEFATIO
795 1295 833 1342 ΙΝ
850 1293 1012 1344 fiscum
1028 1293 1195 1341 rausum.

787 1525 883 1556 -οι-

382 1738 481 1804 HAEC
499 1743 598 1802 sabula
612 1741 799 1822 Appollodori
820 1741 890 1819 (vid.
912 1741 1012 1801 Sidon.
1033 1739 1134 1820 Apoll.
1154 1738 1209 1799 lv.
1233 1738 1329 1820 Epist.

344 1843 390 1899 la.
406 1839 454 1914 L.)
468 1859 533 1900 esse
547 1839 654 1898 dicitur
671 1839 787 1898 Graeca.
822 1835 899 1897 Naro
912 1851 944 1897 es
957 1837 1020 1917 ipsa
1033 1848 1064 1898 et
1082 1837 1209 1896 Phormio
1221 1839 1259 1897 ab
1278 1859 1330 1898 eo-

342 1936 409 1995 dem
422 1937 554 1996 dicuntur
564 1957 628 1996 esse
641 1937 806 1996 translatas:
829 1954 919 2014 quum
929 1933 1048 2012 reliqure
1057 1943 1181 2012 quatuor
1188 1933 1246 1992 sint
1258 1933 1327 1994 Me-

341 2032 443 2091 nandri
457 2033 570 2092 comici.
612 2033 722 2108 Hecyra
736 2042 838 2091 autem
851 2030 957 2088 dicitur
977 2029 1054 2100 ideo,
1075 2028 1144 2108 quia
1159 2048 1214 2108 per
1226 2049 1328 2088 socrus

341 2137 372 2186 et
384 2148 502 2188 soceros
516 2129 545 2187 in
560 2148 596 2188 ea
609 2139 735 2206 aguntur
749 2128 849 2186 multa
889 2125 967 2184 Nam
981 2135 1012 2184 et
1025 2121 1117 2205 ἑκυρὸς
1130 2135 1162 2184 et
1174 2124 1266 2206 ἓκυρᾶ,
1281 2147 1329 2186 so-

340 2224 400 2283 ceri
413 2244 530 2295 nomen,
551 2243 709 2302 socrusque
723 2223 897 2302 significant.
938 2223 990 2281 Est
1009 2232 1107 2282 autem
1125 2221 1215 2282 mixta
1234 2233 1328 2282 moto·

341 2319 390 2378 riis
401 2321 514 2380 actibus
522 2339 558 2380 ac
570 2319 710 2380 stalariis:
723 2319 905 2399 multumque
912 2315 1120 2380 sententiarum
1133 2329 1163 2376 et
1173 2317 1329 2398 figurarum

342 2411 474 2477 continet
483 2417 514 2475 in
535 2427 598 2477 toto
612 2416 689 2476 stilo.
730 2415 819 2476 Unde
833 2435 922 2494 quum
936 2410 1066 2475 delectet
1078 2413 1230 2494 plurimum
1242 2440 1251 2486 3
1266 2424 1329 2474 'non

340 2512 437 2572 miuus
454 2512 582 2573 utilitatis
606 2511 689 2572 affert
712 2512 937 2592 spectatoribus«
977 2507 1075 2591 r'ltque
1095 2510 1134 2568 in-
1147 2509 1206 2570 hse
1226 2509 1329 2591 primos

340 2621 438 2687 partes
462 2621 529 2668 sunt
552 2607 700 2680 Lachetis,
729 2607 866 2668 secundo
885 2593 1042 2686 TPouplsli,
1066 2607 1162 2667 tertie
1179 2607 1329 2688 molari,

341 2701 450 2784 quartae
465 2695 672 2767 Parmenonis:
694 2721 728 2766 oo
751 2705 890 2784 deinceps
906 2703 1025 2763 eliorum
1042 2711 1243 2783 pasoasrun,
1260 2716 1329 2785 φη

337 2801 381 2863 his
396 2802 540 2880 adjunctas
551 2810 630 2867 sunt.
650 2804 752 2865 Divisa
767 2814 812 2864 est
830 2811 938 2873 aum,
951 2811 986 2860 ut
997 2813 1124 2877 cetero,
1136 2802 1266 2883 quinque
1277 2820 1327 2864 sc-

337 2900 415 2959 tibus
427 2901 570 2979 legitimis,
591 2920 663 2980 quos
683 2902 713 2961 in
731 2899 854 2961 subditis
871 2897 1112 2981 distinguemus.¹
1141 2898 1177 2957 ln
1189 2899 1247 2959 hac
1260 2920 1327 2981 pro·

339 2996 424 3074 logus
439 3009 484 3056 est
504 3006 535 3057 et
552 2997 713 3077 multiplex,
735 3006 766 3057 et
784 2993 944 3056 rhetoricus
965 2993 1059 3065 nimis,
1080 3005 1235 3074 propterea
1248 2997 1328 3077 quod

339 3112 418 3171 saepe
431 3093 551 3153 exclusa
563 3094 627 3152 haec
638 3090 789 3163 comoedia,
804 3090 1021 3170 diligentissima
1035 3090 1203 3151 defensione
1215 3092 1328 3171 indige·

339 3188 399 3248 bat.
443 3190 544 3268 Atque
556 3189 585 3248 in
599 3190 656 3249 hac
671 3190 792 3265 protasis
804 3188 974 3247 turbulenta
994 3197 1049 3260 est,
1070 3189 1182 3263 epitasis
1202 3180 1326 3260 mollior,

340 3285 414 3343 lenis
427 3286 606 3362 catastrophe.
647 3285 724 3344 Acta
736 3300 806 3344 sane
828 3294 873 3344 est
892 3281 969 3342 ludis
983 3273 1212 3362 Megalensibus,
1236 3281 1329 3345 sex'so

339 3380 428 3451 Julio,
451 3382 485 3441 C.
501 3380 619 3441 Rabirio
633 3380 778 3441 AEdilibus
789 3380 961 3440 oumbbusa
979 3381 1100 3459 egitque
1115 3380 1152 3441 1..
1167 3382 1325 3443 Ambitius.

339 3476 510 3537 Modulatus
532 3488 577 3538 est
597 3497 662 3538 eam
684 3477 807 3538 Flaccus
827 3476 968 3558 Claudius
986 3476 1063 3537 tibiis
1080 3479 1209 3557 peribas.
1250 3480 1328 3542 Tota

340 3572 446 3631 Graeca
461 3585 516 3647 est,
541 3574 677 3653 factaque
692 3584 721 3633 et
734 3574 813 3634 edita
830 3575 931 3654 quinto
948 3575 1027 3648 loco,
1050 3576 1105 3635 Cn.
1130 3574 1265 3646 Octavio,
1289 3576 1326 3636 T.

339 3669 452 3729 Manlio
467 3670 551 3731 Coss.
567 3672 687 3731 Cantica
708 3681 739 3731 et
760 3669 891 3730 diverbia
909 3690 1023 3730 summo
1039 3670 1068 3729 in
1081 3671 1139 3730 hac
1151 3671 1252 3731 favore
1264 3692 1326 3733 sus·

337 3777 425 3846 cepta
438 3777 514 3825 sunt.
554 3766 715 3847 Hporararrl
729 3769 759 3826 iu
772 3768 829 3827 hac
844 3771 989 3847 πρόσωπα,
1012 3767 1111 3837 idest,
1126 3787 1257 3847 persouoe
1275 3788 1326 3827 ex·

336 3874 381 3921 tra
395 3873 598 3941 argumentum
612 3864 678 3922 duae
700 3874 777 3935 sunt,
801 3864 954 3924 Philotidis
968 3874 998 3923 et
1015 3864 1107 3943 Syrae.
1147 3863 1184 3923 Iu
1197 3875 1263 3923 tota
1276 3884 1324 3924 co·

335 3958 442 4017 moedia
454 3960 511 4018 hoc
527 3959 632 4037 agitur,
655 3971 688 4018 ut
709 3980 755 4019 res
769 3979 852 4019 noros
865 3960 946 4031 fiant,
969 3979 1025 4021 nec
1038 3972 1136 4020 tamen
1149 3960 1325 4021 abhorreant

336 4074 354 4113 a
374 4056 591 4117 cousuetudine.
632 4056 814 4117 Inducuntur
834 4057 912 4116 enim
932 4057 1082 4117 benevole
1098 4076 1220 4127 socrus3
1242 4078 1325 4117 vere·

338 4150 434 4209 cunda
447 4172 553 4221 nurus3
577 4152 739 4212 lenissimus
753 4154 782 4213 in
797 4175 921 4216 uxorem
934 4155 1062 4227 maritus,
1081 4164 1112 4214 et
1126 4153 1196 4213 item
1209 4153 1329 4214 deditus

336 4247 421 4305 matri
435 4268 516 4319 suae3
536 4250 675 4310 meretrix
689 4250 778 4311 bona.
