3292 5575
345 829 387 871 xx
509 808 574 868 DE
603 805 789 867 METRIS
823 802 1173 867 TERENTIANIS.

478 1016 570 1062 Bonum
584 1013 797 1074 ingeniorum.
877 1011 952 1060 Adest
962 1009 1048 1072 optime
1058 1010 1117 1072 lpse.

478 1093 792 1154 SedbioPimpbilnsqnid.
878 1092 1148 1140 Solenreminnontt

478 1177 505 1223 1·
518 1175 571 1222 binc
581 1173 667 1222 bellun:
681 1173 780 1235 fugiens.
877 1173 941 1231 Quid
958 1173 1012 1221 bnio
1023 1171 1060 1220 blo
1071 1173 1178 1236 negotist.

479 1257 572 1316 Nempe
583 1254 753 1303 Pbdrrnionenr.
881 1255 980 1302 Student
991 1255 1074 1303 linaro

480 1339 511 1385 In
521 1337 581 1384 bano
592 1337 691 1385 nortun
706 1336 815 1398 plateam.
881 1337 930 1386 Sed
945 1337 1030 1386 ostium
1040 1336 1182 1398 odnerepuit.

481 1418 629 1480 Supellbctilu
638 1433 696 1482 opus
707 1425 752 1465 cst.
880 1417 976 1466 Nemini
988 1415 1053 1480 plura
1061 1419 1152 1465 acerba.

481 1499 656 1562 Sedeocaipsa
666 1499 790 1562 egreditur.
883 1498 946 1556 Quid
958 1498 1042 1560 ignire
1053 1497 1169 1559 peniculo.

483 1581 537 1643 Ego
549 1580 671 1638 excludor,
686 1580 734 1628 ille.
884 1577 930 1626 Sed
942 1585 1006 1626 estne
1016 1578 1056 1625 ille
1068 1585 1154 1625 nontam

482 1662 636 1726 thutquis!
653 1662 714 1726 nkgo
724 1661 819 1724 aitho.
884 1662 971 1708 Tamen
982 1659 1139 1708 rlxburnane.

482 1744 617 1803 Enimvero,
625 1747 700 1802 Dare,
707 1744 740 1793 nil
749 1745 797 1793 loci
807 1752 851 1792 est.
883 1743 956 1790 'lucet
966 1740 1008 1789 oirr
1018 1757 1063 1790 non
1075 1741 1139 1788 ludu.

486 1823 582 1874 Habent
592 1825 720 1888 despicula.
884 1825 957 1874 lubet
965 1823 1051 1871 friter?
1066 1821 1106 1870 nbi
1117 1822 1138 1870 is
1149 1829 1192 1870 est.

484 1907 558 1954 Dolet
567 1907 654 1956 dictum
664 1905 812 1970 imprudenti.
882 1905 965 1954 Omnis
978 1901 1058 1952 ornnes
1069 1903 1109 1951 ubi
1118 1901 1251 1950 resoismnt.

358 2075 438 2148 Hoc,
446 2084 481 2135 ut
492 2076 584 2148 vides,
606 2076 738 2137 Terentii
744 2075 888 2153 judicium
907 2085 988 2145 erat:
1007 2074 1080 2132 utin
1093 2073 1186 2152 primo
1198 2071 1262 2132 fere
1271 2070 1349 2151 pede

358 2191 469 2243 versus,
483 2173 532 2230 ubi
544 2173 670 2252 paratior
682 2173 768 2233 venia
786 2184 842 2240 est,
864 2171 983 2231 licentia
1006 2169 1056 2228 illa
1070 2178 1220 2229 uteretur:
1241 2168 1350 2228 idcirco

359 2268 536 2341 excusatior,
549 2271 629 2347 qnod
638 2289 698 2329 non
705 2269 768 2347 ipse
782 2285 847 2325 eam
856 2265 964 2347 primus
971 2265 1119 2336 intulerit;
1138 2266 1192 2326 sed
1205 2265 1351 2336 aPlaut0,

361 2363 491 2438 Caecilio,
512 2364 686 2444 ceterisque
700 2375 761 2423 turn
774 2364 805 2422 in
817 2383 909 2424 scena
924 2363 1114 2443 regnantibus
1132 2373 1283 2442 acceptam
1303 2381 1352 2422 re·

360 2459 491 2522 tinuerit.
530 2460 668 2522 Licentia
686 2473 768 2522 certe
781 2474 859 2532 erat:
880 2473 910 2521 et
930 2463 1042 2540 indigua
1062 2459 1149 2532 forte,
1171 2459 1219 2520 cui
1233 2458 1354 2518 Romuli

361 2569 486 2637 nepotes
505 2557 703 2637 indulgerent:
742 2558 821 2618 Nam
840 2559 890 2640 qui
908 2558 995 2618 hodie
1017 2577 1077 2618 non
1099 2557 1226 2617 comicos
1238 2568 1354 2617 veteres

363 2657 547 2729 excusatum,
568 2656 622 2717 sed
645 2657 801 2718 defensum
813 2667 900 2728 eunt;
919 2656 968 2735 qui
991 2654 1103 2715 fontem
1116 2656 1160 2715 rei
1180 2673 1355 2734 causamque

364 2764 395 2814 et
417 2752 558 2834 originem
582 2754 772 2835 deprendisse
793 2776 827 2816 se
850 2753 1030 2836 gloriantur:
1049 2753 1220 2835 popularem
1244 2752 1357 2814 scilicet

365 2862 436 2911 nunc
456 2853 597 2932 temporis
610 2853 819 2932 pronunciandi
834 2870 962 2912 morem:
984 2862 1018 2910 ut
1031 2870 1153 2911 necesse
1166 2851 1254 2911 luerit
1268 2850 1360 2911 comi.

367 2946 420 3019 cis,
441 2967 506 3025 quae
519 2949 609 3008 verba
622 2949 770 3008 communi
785 2950 891 3009 civium
911 2968 1046 3010 sermone
1057 2950 1161 3029 spretis
1175 2946 1359 3011 consonanti·

366 3045 423 3105 bus
437 3044 537 3123 rapide
561 3044 767 3120 efferebantur,
788 3067 826 3107 ea
842 3048 932 3108 verba
949 3046 980 3105 io
1003 3045 1062 3107 suis
1082 3046 1198 3119 fabulis,
1219 3066 1285 3126 quae
1307 3064 1360 3105 au-

367 3138 651 3215 diebanturscilicet,
666 3162 726 3203 non
738 3143 920 3223 legebantur,
940 3143 1099 3223 corripere:
1120 3164 1166 3203 nae
1179 3143 1220 3203 illi
1234 3162 1358 3225 operoso

367 3239 554 3299 conatunibil
568 3239 679 3314 dicunt,
699 3239 871 3321 pollicentes
884 3261 990 3321 magna
1000 3242 1070 3302 nilril
1085 3242 1239 3303 extricant.
1280 3240 1359 3309 Quid

368 3336 467 3396 enimi
486 3337 511 3397 si
521 3356 589 3399 usus
599 3347 662 3397 tum
671 3337 777 3397 civium
789 3338 958 3411 communis,

497 3524 573 3584 Quem
588 3539 659 3587 penes
667 3524 786 3573 arbitrium
796 3531 833 3573 est
845 3532 869 3573 et
876 3526 916 3588 jus
926 3531 950 3573 et
959 3540 1039 3573 norma
1048 3524 1166 3587 imnodi,

370 3666 496 3749 syllabas
514 3668 669 3749 dequibus
690 3670 786 3749 egitur
798 3670 904 3750 raptim
917 3670 1147 3751 pronunciabat;
1163 3672 1226 3748 jam
1239 3688 1296 3729 non
1310 3690 1361 3733 co-

371 3765 514 3826 micorum
527 3766 574 3825 vel
584 3764 701 3826 licentia
714 3766 760 3826 vel
774 3766 886 3826 crimen
905 3776 957 3839 est,
979 3766 1028 3846 qui
1041 3766 1113 3825 mori
1128 3768 1362 3848 obtemperantes

372 3880 424 3922 eas
441 3862 654 3941 corripiebant:
673 3862 726 3922 sed
739 3864 899 3943 epicorum,
920 3862 970 3942 qui
983 3882 1038 3922 usu
1054 3861 1237 3943 improbante
1258 3864 1364 3945 produ-

372 3961 488 4019 cebant.
528 3958 687 4019 Mutantur
710 3970 823 4020 tantum
845 3960 903 4031 rei;
924 3959 1033 4019 crimen
1054 3959 1147 4039 ipsum
1161 3980 1219 4020 non
1239 3961 1362 4021 eluitur:

371 4067 423 4115 aut
439 4057 471 4115 hi
484 4067 535 4116 aut
547 4056 588 4117 illi
610 4069 679 4117 sunt
697 4058 791 4137 culpae
812 4058 978 4118 damnandi·
1020 4057 1133 4123 Quibus
1157 4068 1255 4118 autem
1276 4058 1364 4139 culpe

371 4152 493 4227 boereat,
514 4154 590 4215 scitu
612 4154 780 4214 facillimum
795 4166 850 4216 est.
891 4155 1022 4216 Priorem
1042 4156 1072 4216 in
1095 4158 1139 4217 ille
1162 4166 1268 4215 eterra
1292 4176 1363 4215 con·

372 4262 485 4311 stanter
508 4253 711 4332 producebant
739 4253 832 4333 epici3
861 4263 961 4314 noster
990 4254 1135 4314 interdum
1160 4251 1288 4333 corripit,
1309 4272 1364 4317 soe·

372 4345 437 4425 pius
460 4349 612 4427 producit:
634 4350 751 4429 quodsi
764 4360 846 4409 recte
867 4360 949 4410 etex
969 4369 1026 4411 usu
1049 4350 1183 4431 corripit;
1204 4360 1287 4409 tanto
1307 4370 1363 4409 sae·

374 4444 450 4522 pins,
477 4443 547 4504 dum
570 4446 674 4526 sepius
696 4447 838 4527 producit,
859 4456 971 4526 peccat.
1022 4448 1141 4525 Propter
1162 4447 1242 4527 apud
1266 4445 1363 4525 epicos

374 4560 490 4623 semper
498 4543 595 4623 priore
605 4543 694 4622 longa
706 4556 769 4606 est:
784 4556 883 4606 noster
893 4545 983 4605 semel
993 4544 1123 4624 corripit,
1139 4544 1220 4605 And.
1234 4542 1276 4617 ΙΙ,
1290 4548 1319 4615 6,
1334 4546 1365 4602 8.

569 4733 667 4805 Propter
678 4732 780 4798 bbspitui
787 4734 883 4795 bnjuace
899 4728 1094 4783 consuetudinem.
