3292 5575
470 799 530 858 DE
560 795 752 859 sternis
785 793 1145 856 TERENTIANIS.
1245 799 1305 858 xvii

304 979 382 1052 artis,
396 979 437 1040 ad
451 976 608 1041 Menandri
621 995 753 1040 normam
763 975 872 1039 Groece
888 977 1024 1050 seribere,
1043 995 1131 1058 quam
1144 977 1249 1040 Latine
1262 979 1302 1039 ad

309 1075 449 1137 Terentii.

471 1207 528 1272 De
542 1207 659 1271 metris
672 1207 709 1271 in
722 1206 841 1290 lingue
853 1209 970 1270 nostra
982 1205 1130 1270 usitatis.

343 1341 500 1403 Enimvero
512 1361 568 1422 par
586 1351 618 1403 et
635 1361 751 1422 equum
764 1353 819 1414 est,
835 1354 868 1404 ut
882 1341 1008 1403 eandem
1021 1342 1137 1403 reniam
1149 1343 1298 1404 veteribus

303 1437 415 1498 Latinis
435 1438 546 1524 domim,
571 1457 658 1519 quam
681 1439 828 1500 hodiernis
842 1440 892 1519 qni
907 1439 1035 1518 Anglice
1055 1439 1185 1500 scribunt
1204 1439 1299 1520 poetis

302 1535 505 1596 concedimnsz
526 1556 650 1617 quorum
670 1555 759 1598 nemo
780 1546 836 1606 est,
851 1536 898 1595 cui
911 1555 971 1596 non
984 1535 1179 1616 indulgemus,
1193 1548 1226 1597 ut
1239 1537 1298 1618 syl·

300 1633 373 1693 labis
385 1632 530 1693 interdum
549 1633 643 1713 longis
664 1645 767 1693 eontra
785 1631 916 1693 indolem
936 1633 1063 1714 rhythmi
1077 1631 1144 1694 loco
1164 1633 1298 1694 brevium

300 1740 409 1790 utatur.
450 1729 529 1790 Nem
549 1741 583 1790 ut
596 1729 696 1790 Latini
715 1729 812 1791 omnia
832 1739 990 1790 metrorum
1009 1749 1121 1810 genera
1131 1727 1298 1791 de'Graecu

299 1838 501 1907 acceperunt;
523 1827 565 1888 ita
588 1837 735 1888 nostrates
754 1845 807 1888 sna
828 1826 866 1886 de
888 1825 1010 1886 Latinis.
1052 1827 1121 1894 Quo
1139 1827 1231 1906 magis
1251 1837 1297 1887 est

300 1923 457 1986 dolendum
476 1935 566 2005 atque
589 1923 808 2004 indignandum,
827 1924 889 2001 jam
910 1941 928 1982 a
948 1921 1038 1982 literis
1060 1921 1168 1982 renatis
1189 1941 1295 2002 pueros

296 2020 441 2100 ingenuos
454 2020 493 2082 ad
516 2020 673 2102 dactylica,
688 2021 768 2100 quod
781 2040 875 2100 geum
890 2019 982 2100 patria
994 2020 1095 2099 lingua
1108 2039 1168 2079 non
1181 2019 1295 2100 recipit,

297 2117 465 2189 ediscenda,
485 2117 580 2178 l'erula
600 2117 772 2198 sentinaque
790 2118 875 2198 cogi:
898 2117 1075 2178 Terentiana
1091 2135 1162 2177 vero
1191 2127 1294 2190 metra,

295 2213 554 2294 quoedomitamen
564 2215 635 2275 etin
648 2215 737 2274 triviis
750 2214 906 2276 inscientes
920 2215 973 2295 ipsi
985 2214 1137 2288 cantitant,
1147 2213 1295 2294 magistro-
1310 2231 1313 2236 ·

294 2330 359 2370 rum
379 2311 467 2393 culpa
484 2312 601 2392 penitus
621 2313 768 2392 ignorare.
809 2310 988 2372 Trochaicus
1007 2321 1192 2370 tetrametrus
1211 2321 1291 2371 cata·

293 2407 426 2481 lecticus,
440 2419 475 2469 nt
488 2409 637 2483 Terentio,
651 2409 694 2470 ita
706 2407 882 2470 nostratibus
894 2407 1145 2488 frequentissimus
1159 2417 1219 2468 est:

354 2538 414 2600 '¹33⁰
424 2540 465 2588 5¹¹⁰
475 2541 583 2603 mulio,
596 2539 603 2607 Ι
616 2541 708 2600 neruo,
716 2540 800 2598 tristis,
813 2539 819 2607 Ι
833 2541 927 2602 phrons,
938 2541 1045 2590 trnonlen
1059 2538 1064 2606 Ι
1077 2538 1126 2596 tiu,
1137 2547 1216 2588 tenu.

354 2619 451 2684 'ffiPPJ
459 2621 481 2669 ἶ·
492 2622 531 2669 ²¹¹0
543 2621 550 2688 Ι
563 2622 662 2686 ⁰⁰⁶an
670 2623 711 2670 lile
719 2621 782 2670 biert
795 2619 800 2687 Ι
815 2621 870 2668 rrith
881 2627 975 2668 content
986 2621 1046 2684 qood
1061 2619 1066 2684 Ι
1079 2618 1143 2668 heth
1153 2623 1257 2668 an’easa.

292 2765 354 2833 Qui
365 2765 544 2845 trochaicus,
558 2769 643 2826 unius
656 2763 776 2847 syllabae
790 2763 967 2836 accessione,
980 2761 1033 2823 liet
1041 2761 1187 2839 jambicns
1202 2771 1290 2824 tetra·

289 2872 399 2921 metrns
412 2862 534 2942 plenus:
650 2886 656 2894 ·

287 2992 371 3041 Thriee
382 2992 490 3057 bippyis
504 2992 510 3060 Ι
523 2994 563 3041 lhe
574 2992 670 3056 country
680 2993 721 3041 lile
734 2991 740 3061 Ι
754 2994 816 3043 hlest
827 2993 881 3042 reith
893 2999 987 3041 content
1000 2990 1004 3057 Ι
1019 2992 1080 3055 qood
1090 2990 1169 3039 hedlth
1178 2990 1214 3039 ω’
1225 3006 1286 3039 aare.

286 3130 365 3197 Quin
378 3143 410 3191 et
418 3122 566 3211 jambicns
578 3131 628 3191 ifle
637 3130 990 3207 sammeofflerentio
1003 3130 1127 3191 multum
1140 3142 1172 3193 et
1182 3132 1286 3193 merito

284 3240 408 3302 snmus,
421 3229 503 3309 apud
511 3240 627 3291 nosnos
641 3247 756 3309 quoque
769 3229 801 3288 in
811 3248 919 3308 magna
932 3228 1026 3309 gratia
1039 3238 1104 3299 est:

332 3360 393 3408 Nm
403 3359 423 3408 si
433 3360 505 3409 remit
526 3358 532 3426 Ι
545 3366 596 3409 tent
610 3358 729 3423 quippiam
856 3358 861 3425 Ι
874 3356 1035 3407 Philhmenrm
1118 3357 1124 3425 Ι
1138 3358 1237 3409 doldrer.

331 3440 391 3489 Ho's
399 3441 508 3505 ddoently
521 3439 528 3507 Ι
539 3456 585 3489 rnn
597 3437 699 3502 hrodgh
709 3441 748 3489 the
758 3440 837 3503 lnnqr,
850 3438 855 3507 Ι
870 3441 914 3488 ond
924 3440 1010 3489 thtre’s
1018 3454 1046 3487 sn
1056 3440 1101 3487 end
1115 3438 1120 3505 Ι
1134 3438 1235 3502 o’llirlly.

284 3584 393 3667 Neque
405 3605 476 3647 reru
489 3585 663 3647 bacchiacus
676 3584 807 3647 Terentii
819 3584 925 3646 nostris
944 3584 1072 3647 intactus
1086 3592 1149 3646 este

345 3715 686 3785 hdhbohrlohyllsqmd
700 3716 706 3785 Ι
720 3719 903 3780 wttntqnae'que
917 3715 921 3783 Ι
936 3716 1035 3779 opdrtet.

346 3798 387 3847 All
394 3798 437 3861 joy
447 3807 473 3847 to
486 3797 492 3865 Ι
505 3800 665 3862 mrem
677 3799 682 3864 Ι
696 3786 868 3863 narniense
883 3796 889 3864 Ι
902 3799 946 3847 and
956 3796 1071 3861 pleiotro.

282 3935 432 3999 Creticum
445 3942 508 4015 ejus
522 3958 638 4019 quoque
649 3937 752 4019 lingua
764 3951 862 4002 nostra
874 3939 1012 4001 facillime
1030 3936 1174 4007 admittit3

343 4068 463 4118 'l'bntrro
516 4066 650 4136 {nordinin
694 4068 822 4136 {hittoni
942 4069 1139 4138 {qnamhtsiet

343 4147 775 4218 'Othoneotloobntryliielblest
786 4152 931 4203 rrithhealth
944 4150 950 4219 Ι
964 4152 1037 4215 petes
1048 4150 1157 4199 an’oare.

278 4290 418 4371 Denique
435 4302 467 4352 et
485 4290 560 4353 illud
578 4303 714 4367 metrum,
729 4292 809 4373 quod
820 4292 851 4353 in
865 4291 955 4373 epicis
969 4300 1000 4352 et
1013 4288 1137 4350 heroicis
1150 4292 1211 4365 jam
1226 4286 1277 4347 diu

276 4388 359 4468 apud
370 4399 515 4451 nostrates
528 4410 653 4471 regnum
665 4390 788 4464 obtinet,
808 4391 847 4449 ab
862 4390 990 4466 jambico
1010 4399 1143 4447 veterum
1162 4384 1277 4445 senario

276 4484 432 4564 pronosim
450 4486 626 4548 necessitate
644 4486 753 4567 linguas
772 4498 890 4561 nostrae,
910 4506 976 4568 qnos
990 4496 1053 4547 tota
1069 4483 1276 4564 monosyllabis

277 4593 396 4645 scatens
410 4602 553 4645 cosmam
566 4583 672 4659 senarii
684 4604 751 4645 raro
767 4584 905 4658 admittit,
920 4584 1068 4665 quinarius
1082 4582 1195 4643 tactus:

403 4716 504 4780 'though
515 4716 586 4780 dedo,
596 4726 637 4782 yet
647 4719 723 4783 olear3
736 4715 741 4783 Ι
755 4718 843 4782 though
855 4718 942 4781 gentle,
953 4725 994 4780 yet
1000 4723 1045 4765 not
1055 4712 1114 4765 dirll·

276 4820 354 4865 vol..
371 4820 410 4865 11.
753 4824 771 4866 C
