3292 5575
645 662 772 724 RlVlI
808 663 1126 725 CASTlGATIO.
1327 665 1396 725 xix*

354 855 402 905 tur
418 860 605 925 personarum
625 844 850 907 sermocinatio:
879 851 963 924 cujus
985 847 1049 930 ipss
1072 845 1239 908 Priscianus
1260 846 1402 919 meminit,

353 950 432 1031 apud
445 969 534 1031 quem
544 950 710 1011 Victorinus
724 971 784 1012 non
796 950 893 1013 minos
905 952 1008 1026 libere,
1024 972 1113 1033 quam
1125 972 1195 1013 vere
1205 950 1256 1024 ait,
1272 951 1401 1024 comicia,

353 1055 421 1117 dum
431 1057 632 1135 quotidianum
642 1076 806 1117 sermonem
817 1056 920 1118 imitari
929 1057 1073 1131 nituntur,
1082 1068 1175 1120 metra
1182 1041 1283 1119 ritiare
1292 1059 1403 1131 studio,

353 1180 411 1221 non
424 1162 569 1243 imperitia
580 1162 659 1243 quod
673 1176 703 1223 et
717 1162 913 1224 Terentianus
926 1174 1050 1225 testatur
1061 1163 1143 1225 hisee
1156 1162 1297 1236 versibus,
1301 1163 1404 1239 fidem·

353 1287 404 1347 quc
410 1268 495 1343 fictis
510 1270 572 1327 dum
587 1277 738 1347 procurant
746 1269 869 1349 sabulia
884 1272 923 1329 In
934 1279 1020 1331 metro
1035 1280 1150 1349 peccunt
1169 1280 1239 1343 orte,
1253 1290 1306 1329 noo
1322 1270 1403 1329 iruci·

355 1373 405 1433 tic.
435 1372 533 1433 Tanta
545 1384 642 1433 autem
653 1374 776 1436 affinitas
787 1388 833 1437 est
845 1376 876 1435 in
889 1378 1056 1439 trochaicos
1068 1389 1100 1439 et
1107 1354 1253 1455 jamhicos
1267 1387 1405 1436 tehame·

353 1486 423 1549 tros,
437 1478 488 1535 vix
502 1487 535 1537 ut
549 1477 717 1541 discernere
727 1480 874 1541 interdum
887 1459 999 1562 possis:
1016 1480 1094 1542 unde
1104 1481 1239 1542 nimirum
1248 1482 1282 1542 fit
1293 1482 1405 1563 aliquo·

353 1582 418 1655 ties,
427 1594 461 1642 ut
469 1602 540 1663 quos
550 1584 627 1644 forte
641 1585 745 1666 aliquis
753 1584 898 1665 jambicos
908 1606 973 1647 esse
983 1587 1152 1660 crediderit,
1163 1588 1252 1649 iidem
1264 1586 1404 1649 trochaici

354 1686 450 1746 verius
459 1689 571 1749 censeri
578 1700 697 1768 queant.
715 1691 806 1767 Cujus
815 1690 935 1763 reicum
943 1690 1001 1751 alia
1009 1692 1102 1751 multa
1108 1693 1245 1773 exempla
1254 1702 1333 1765 sunt,
1342 1703 1405 1752 tum

356 1792 616 1855 commodissimum
627 1794 717 1855 suerit
730 1814 767 1855 ex
781 1795 907 1869 Andria,
920 1814 1011 1857 scena
1022 1795 1117 1876 prima
1129 1806 1213 1857 actus
1224 1795 1333 1875 quintis
1354 1794 1405 1856 ubi

355 1900 428 1959 duos
440 1902 549 1980 primos
564 1920 673 1975 versus,
683 1901 731 1963 vel
741 1920 795 1981 per
803 1902 921 1977 jambos
935 1900 1049 1980 aliquis,
1060 1902 1107 1962 rel
1120 1921 1175 1982 per
1187 1901 1332 1961 trochaeos
1342 1919 1405 1961 me·

353 2004 401 2062 tiri
420 2005 523 2085 possit,
537 2005 591 2065 nisi
605 2006 686 2085 quod
697 2005 886 2085 insequentes
898 2024 1000 2067 versus
1013 2026 1068 2087 per
1080 2008 1224 2067 trochaeos
1242 2026 1308 2067 esse
1321 2005 1405 2067 meti·

354 2110 446 2171 andos
459 2111 598 2171 indicant.
640 2110 715 2171 Inde
730 2129 810 2169 error
824 2129 936 2185 eorum,
950 2112 999 2191 qui
1009 2112 1155 2189 jambicos
1168 2110 1405 2190 quadratosesse

354 2216 538 2289 adnotarunt,
554 2236 622 2276 cum
636 2214 729 2295 quivis
743 2234 802 2273 non
815 2215 985 2277 rudissimus
1000 2217 1088 2297 plane
1106 2217 1209 2277 harum
1222 2238 1329 2289 rerum,
1344 2228 1404 2279 tro·

354 2321 471 2383 chalcos
482 2342 546 2383 esse
556 2321 664 2382 videat.
686 2319 747 2378 Hic
760 2319 834 2379 illud
844 2321 948 2392 obiter,
959 2322 1090 2403 quamvis
1103 2322 1179 2395 leve,
1189 2322 1405 2384 admonendum

353 2438 443 2507 putot
463 2427 537 2488 mire
552 2426 699 2487 interdum
713 2436 802 2505 poeta
820 2426 859 2487 de
875 2426 1017 2487 industria
1029 2429 1204 2489 sententiam
1217 2449 1327 2509 genere
1340 2428 1405 2508 ipso

354 2535 439 2594 metri
455 2540 560 2612 juvare
578 2535 712 2595 videtur:
737 2532 819 2593 velut
838 2533 889 2607 ibi,
908 2535 962 2593 Dii
975 2536 1045 2607 boni,
1068 2536 1129 2594 hori
1147 2536 1214 2614 quid
1228 2542 1333 2612 porto?
1359 2533 1407 2591 sed

356 2641 402 2699 uhi
416 2642 548 2699 inermum
563 2643 752 2727 Pamphilum?
784 2639 827 2697 Ut
845 2648 944 2699 metum
957 2642 986 2699 irs
1007 2661 1059 2717 quo
1078 2660 1147 2699 nunc
1161 2648 1201 2698 est
1216 2640 1340 2709 adimam,
1360 2646 1405 2697 at·

357 2768 407 2826 qur
419 2750 536 2825 expleam
548 2748 663 2808 orimum
675 2749 787 2826 gordio,
801 2752 856 2807 dc.
898 2744 959 2807 Ubi
972 2744 1114 2805 trochaici
1128 2742 1262 2824 carminis
1273 2762 1360 2804 cursu
1375 2753 1407 2804 et

356 2853 533 2914 volubilitate
547 2854 763 2914 festinationem
778 2862 969 2935 repraesentat
981 2852 1088 2912 servuli
1102 2850 1261 2910 insolenter
1271 2849 1405 2908 exultan-

354 2958 401 3032 tis,
417 2969 447 3019 et
461 2959 613 3020 alacritate
626 2959 715 3019 nimia
727 2959 877 3038 gentianum
890 2978 950 3038 quo
964 2958 1046 3018 circa
1057 2956 1165 3039 passim
1184 2955 1339 3026 trochaeos,
1353 2954 1405 3013 tri·

354 3064 488 3136 brachos,
498 3075 662 3144 anapaestos
670 3064 838 3126 admiscuit:
849 3064 942 3144 pedes
951 3064 1074 3136 scilicet,
1085 3064 1189 3144 quibus
1199 3060 1334 3120 celeritas
1342 3059 1406 3140 ple·

355 3187 467 3248 tuaque
481 3167 623 3228 acoeteris
633 3167 702 3228 item
710 3169 806 3249 poetis
819 3168 943 3248 exprimi
955 3168 1040 3228 solet.
1072 3167 1210 3229 Similiter
1219 3165 1250 3224 in
1259 3165 1404 3253 Eunucho

355 3272 481 3332 subitum
496 3291 646 3350 egressum
659 3273 764 3352 puellae
783 3274 962 3352 perturbatas
981 3271 1132 3332 celeritate
1148 3271 1211 3352 ipsa
1223 3271 1333 3353 pedum
1353 3291 1405 3332 ex·

355 3376 475 3456 pressitr
496 3375 701 3466 ubiflPhaedria,
713 3376 766 3436 sed
776 3375 845 3456 quid
857 3376 915 3436 hoc
926 3387 980 3450 est,
990 3375 1093 3456 inquit,
1105 3376 1184 3456 quod
1194 3376 1298 3436 tImida
1306 3377 1404 3438 subito

356 3481 506 3561 egreditur
518 3480 658 3563 Pythias?
680 3481 749 3541 Hoc
761 3481 863 3540 dedita
873 3500 963 3560 opera
972 3491 1090 3560 poetam
1099 3481 1141 3542 ita
1149 3481 1264 3553 fecisse,
1272 3481 1320 3540 vel
1331 3480 1404 3542 illud

355 3587 464 3648 indicio
477 3587 575 3658 fuerit,
590 3587 668 3666 quod
682 3606 751 3646 cum
764 3585 862 3646 crateri
876 3586 964 3665 hujus
979 3605 1078 3646 scenae
1090 3605 1189 3645 versus
1202 3585 1321 3662 jambici
1335 3585 1402 3658 sint,

354 3711 427 3752 nnus
439 3692 489 3751 hic
502 3692 630 3751 trimeter
650 3691 817 3751 trochaicus
831 3710 895 3751 esse
909 3690 1051 3750 videatur.
1092 3691 1130 3748 Et
1144 3690 1252 3770 alioqui
1272 3693 1348 3752 solet
1360 3693 1404 3751 in.

355 3796 468 3856 terdum
480 3805 568 3875 poeta
577 3807 691 3856 mutare
702 3795 787 3856 metri
798 3815 902 3874 genus,
913 3815 982 3855 cum
991 3807 1109 3855 ventum
1120 3805 1165 3854 est
1175 3797 1213 3855 ad
1223 3802 1403 3878 παρασκευὴν

355 3923 452 3964 scenae
472 3899 643 3981 sequentiae
672 3901 752 3960 velut
774 3901 804 3958 in
824 3900 901 3959 And.
923 3910 987 3959 act..
1003 3900 1029 3959 1.
1054 3919 1149 3959 scena
1171 3900 1227 3961 IV.
1251 3914 1281 3962 et
1305 3922 1404 3963 rursus

355 4021 412 4070 act.
428 4009 486 4068 ΙΙΙ.
508 4028 606 4068 scena.
629 4008 684 4068 1v.
705 4009 814 4067 lterum
834 4017 892 4067 act.
910 4006 967 4068 IV.
986 4026 1084 4067 scena.
1099 4006 1125 4066 1.
1146 4005 1182 4065 In
1203 4007 1326 4087 Hecyra
1344 4016 1403 4066 act

355 4115 415 4175 Ill.
430 4135 521 4175 scena
534 4114 593 4173 111.
631 4113 780 4175 Praeterea
793 4115 822 4172 in
832 4113 953 4173 Phorm.
965 4112 1008 4172 11.
1018 4132 1108 4173 scena
1121 4111 1165 4172 11.
1202 4110 1252 4172 Sic
1265 4111 1336 4172 alias
1347 4131 1402 4171 sae·

355 4239 403 4299 pe.
424 4220 499 4279 Tale
514 4219 586 4280 illud
600 4240 717 4301 quoque
731 4240 770 4280 ex
782 4219 936 4298 Adelphis,
947 4228 1057 4278 ceteros
1069 4238 1183 4289 marera,
1193 4239 1310 4296 agerem,
1324 4239 1403 4296 rope·

304 4397 310 4410 ¹
355 4327 568 4399 renatorum
582 4335 609 4383 ct
618 4333 825 4402 prosternerem.
867 4324 924 4384 Cui
938 4333 983 4383 est
995 4321 1114 4400 aliquod
1125 4322 1237 4381 aurium
1248 4322 1402 4401 judicium,

353 4430 378 4491 is
391 4429 477 4491 facile
491 4430 607 4501 sentiet,
619 4451 670 4490 cur
683 4431 720 4490 sit
734 4441 822 4510 poeta
839 4429 989 4491 trochaico
1002 4448 1073 4488 usus
1092 4428 1247 4488 hocloco:
1268 4427 1403 4504 nimirum

354 4549 387 4597 ut
400 4557 518 4597 sensum
533 4537 659 4616 quodam
669 4535 751 4596 velut
764 4555 850 4594 cursu
863 4534 972 4616 pedum
986 4534 1110 4594 citarum
1123 4540 1257 4612 juvaretz
1277 4515 1357 4612 quod
1372 4543 1403 4593 et
