3292 5575
568 692 631 753 DE
663 688 853 753 Meritis
886 690 1105 753 conficte.
1299 690 1348 750 xi*

305 892 359 953 par
368 883 424 947 est,
438 892 498 933 non
507 875 635 951 jambus,
649 874 702 935 sed
721 874 871 955 spondeus
881 874 930 933 vel
946 872 1094 934 trochaeus
1108 871 1258 953 accipitur,
1281 886 1312 934 et
1333 896 1352 937 a

305 978 393 1058 longa
415 978 518 1059 incipit
535 978 658 1060 syllaba,
682 978 819 1041 claudum
836 997 955 1039 armen
967 978 1050 1052 fecit,
1071 988 1104 1039 et
1115 976 1350 1056 cholismbicum,

305 1082 481 1156 nominatur,
489 1096 523 1143 ut
536 1094 581 1144 est
593 1080 615 1143 sl
626 1088 819 1165 κλαζομὲνοιοι
826 1083 975 1159 flottam
985 1088 1156 1146 κατέκταθεν
1164 1086 1297 1147 &osone
1308 1087 1353 1147 is·-

304 1186 455 1257 rsiscsroc.
469 1192 502 1249 olr
512 1193 579 1269 γὰρ.
593 1192 658 1247 ἀλλ’
667 1193 732 1261 ἥκω.

427 1293 521 1372 Oquoe
531 1295 655 1354 tenende
667 1294 801 1371 computis
811 1302 885 1353 testes
898 1296 1007 1365 eim,

348 1394 436 1456 Sedes
447 1398 477 1456 is
488 1398 545 1457 isto
557 1399 604 1457 os's
613 1398 779 1478 lctrtforra.
799 1398 890 1465 Quod
903 1407 1002 1459 sutem
1011 1395 1086 1458 binis
1098 1397 1232 1477 pedibus,
1246 1412 1278 1462 et
1292 1421 1353 1462 non
1457 1410 1464 1424 ⁸

306 1503 426 1582 singulis
438 1503 597 1576 scanditur,
610 1515 696 1565 vetus
715 1504 878 1564 institutum
898 1514 953 1565 est.
974 1502 1082 1584 quippe
1092 1502 1266 1567 Herodotus
1276 1508 1353 1567 anti.

308 1630 381 1691 quus
390 1610 516 1671 historie.
524 1622 635 1683 auctor,
647 1630 715 1671 cum
729 1611 767 1671 de
777 1610 900 1671 heroico
907 1610 1022 1670 diceret
1031 1628 1127 1683 versu,
1134 1628 1222 1690 quem
1231 1611 1353 1691 singulis

306 1715 406 1795 partiri
416 1714 536 1795 pedibus
549 1715 636 1777 moris
647 1726 702 1789 est,
711 1715 753 1776 its
763 1714 855 1776 dixit:
870 1720 916 1774 rot
932 1718 997 1795 σφὶν
1018 1718 1140 1785 stridere
1149 1708 1230 1795 ρήτυ
1241 1722 1353 1781 ἅλυσιν.

309 1821 398 1881 Unde
409 1831 531 1902 apparet
539 1820 689 1882 heroicum
700 1820 820 1901 singulis
834 1820 959 1900 pedibus
969 1819 1071 1881 scandi
1085 1820 1175 1880 etiam
1187 1822 1267 1902 apud
1274 1834 1356 1884 vete·

301 1945 353 1987 ‚res
366 1926 490 1999 solitum,
502 1925 662 2005 jambicum
675 1936 773 1987 sutem
782 1925 872 1988 -binis,
891 1925 977 1987 Idem
987 1936 1087 1987 sutem
1099 1925 1151 2001 ait,
1165 1946 1233 1987 curn
1246 1926 1285 1987 de
1299 1928 1354 1987 Ar·

306 2031 438 2093 chilocho
457 2032 544 2093 Pario
563 2032 664 2106 refert,
684 2032 735 2114 qui
754 2032 841 2112 Gigas
854 2032 983 2093 fabulam
996 2033 1107 2113 optime
1120 2032 1294 2114 complexus
1311 2043 1356 2094 est

305 2140 356 2219 its,
365 2146 455 2216 γίγευ
463 2142 598 2201 exossat
607 2142 765 2221 ὀρχίλοχος
774 2139 876 2219 srdptor
884 2142 956 2199 sord
965 2138 1014 2199 τὸν
1021 2139 1107 2199 αὐτὸν
1113 2139 1220 2223 χρόνον
1227 2142 1355 2214 γεγονὸς

303 2247 465 2325 Δὑπέμνησεν
478 2244 573 2327 ἰάμβρ
586 2251 730 2327 τριμέτρῳ.

347 2349 485 2410 Meminit
496 2362 698 2411 sutemversus
707 2352 772 2429 ejus
784 2350 972 2424 Herodotus,
986 2369 1074 2431 quem
1089 2368 1157 2431 amp
1171 2345 1362 2430 1ἱουὶ,ὖμήτε

307 2459 393 2531 γὶγεω
402 2455 585 2537 πολυχρύσου
594 2452 683 2533 με’λει.
710 2454 752 2513 Et
761 2454 905 2516 hactenus
919 2456 956 2515 de
969 2456 1144 2517 catalectico
1153 2454 1285 2515 trimetro
1294 2454 1356 2515 dic·

305 2570 377 2621 tum.
399 2560 449 2620 De
460 2570 624 2621 octometro
632 2558 751 2620 Boiscio
763 2559 845 2619 idem
857 2558 901 2619 sic
914 2559 1008 2619 dixit:
1023 2568 1216 2618 octometrum
1228 2559 1358 2620 catalec-

307 2664 398 2725 ticum
411 2663 490 2746 quod
511 2664 673 2745 appellatur
694 2662 853 2724 Boiscium.
886 2664 1005 2731 Βοΐσκος
1018 2666 1035 2721 ὁ
1047 2664 1105 2723 dre
1123 2665 1230 2731 κνζικοῦ
1249 2664 1357 2731 παντὸς

308 2772 429 2853 γραφεὺς
439 2772 605 2846 ποιήματος,
614 2770 664 2832 τὸν
677 2771 817 2832 ὄκτότουν
830 2770 916 2850 εὑρὼν
930 2773 1031 2852 στίχον
1040 2765 1131 2851 poilly
1148 2769 1240 2840 τίθησι
1257 2768 1358 2850 δῶρον.

426 2878 541 2938 Boiscus
552 2878 605 2937 iste
620 2877 717 2955 Cyzico
726 2876 790 2937 noos'
799 2884 924 2953 repertor
935 2875 1083 2934 ccrrninir:

304 2983 382 3045 Nom
396 2983 503 3060 primus
521 3001 627 3042 versum
646 2983 838 3058 octonupedum
852 2981 907 3040 ,deo
927 2980 1075 3040 dicmerut.
1131 2979 1294 3042 Firmianus
1317 2983 1358 3045 sd

309 3087 435 3147 Probum
446 3087 485 3146 de
498 3085 600 3146 metris
614 3085 823 3146 comoediarum
842 3085 887 3145 sic
900 3084 992 3145 dicit:
1014 3103 1082 3145 nam
1099 3087 1181 3164 quod
1194 3087 1233 3150 de
1255 3090 1356 3150 metris

309 3192 520 3253 comoediarum
536 3191 691 3271 requisisti,
703 3202 736 3251 et
749 3211 805 3271 ego
825 3191 887 3252 scio
911 3189 1050 3272 plurimos
1060 3191 1231 3254 ‚existimare
1243 3193 1357 3254 Teren-

308 3298 401 3358 tiauas
410 3299 457 3358 vel
469 3296 599 3357 maxime
608 3295 723 3358 fabulas
737 3307 864 3356 metrum
881 3317 943 3356 non
962 3296 1073 3357 habere
1086 3297 1240 3358 comoediae
1252 3319 1357 3377 grsecoe

307 3400 329 3462 i.
343 3401 510 3476 Menandri,
522 3402 709 3475 Philemonis,
724 3402 848 3483 Diphili,
859 3402 909 3482 qui
924 3401 1061 3462 trimetria
1071 3401 1202 3462 versibus
1214 3416 1357 3467 constant.

282 3486 292 3494 ⁵
307 3506 411 3569 Nostri
424 3507 502 3568 enim
514 3518 628 3569 veteres
643 3507 798 3568 comcedioe
811 3508 981 3588 scriptores,
1000 3507 1031 3566 in
1051 3507 1237 3570 modulandis
1251 3509 1356 3572 fabulis

309 3613 391 3693 sequi
404 3613 568 3675 maluerunt
583 3614 729 3695 Eupolim,
753 3615 916 3688 Cratinum,
941 3613 1176 3695 Aristophanem,
1200 3626 1234 3675 ut
1249 3619 1355 3697 prefa-

306 3729 371 3778 tum
382 3730 437 3780 est.
463 3719 636 3782 Mensuram
649 3739 715 3782 esse
736 3719 766 3779 in
784 3718 901 3793 fabulis,
925 3720 982 3781 hoc
997 3729 1044 3778 est
1059 3722 1170 3800 μέτρον,
1185 3719 1317 3782 Terentii
1327 3733 1358 3787 et

309 3823 418 3898 Plauti,
432 3844 468 3885 sc
478 3836 651 3886 ceterorum
662 3824 843 3886 comicorum
853 3836 885 3885 et
893 3823 1068 3904 tragicorum
1078 3823 1179 3885 dicant
1188 3826 1229 3900 hi,
1239 3826 1356 3904 Cicero,

313 3930 451 4005 Scaurus,
464 3931 635 4005 Firmisnus,
650 3931 755 4006 Varro,
769 3931 945 4003 Victorinus,
968 3930 1083 3991 Caesius
1102 3929 1221 4007 Bessus,
1243 3933 1357 3997 Teren-

309 4036 416 4110 tianus,
441 4037 574 4100 Caecilius
588 4039 715 4111 deex,
737 4037 870 4110 Sisenna,
894 4036 1000 4110 Cinna,
1021 4036 1195 4108 Diomedes,
1218 4039 1356 4115 Albinus,

307 4143 514 4217 Quintilianus,
525 4143 673 4226 Sosipater
684 4144 844 4218 Charisius,
854 4143 999 4217 Helenus,
1008 4144 1117 4224 Asper,
1123 4143 1239 4205 Flavius
1248 4147 1354 4227 Caper,

313 4248 466 4322 Anneius,
481 4249 606 4326 Probus,
624 4251 734 4313 Plinius
748 4252 921 4327 Evsntlrius,
933 4250 1078 4313 Sacerdos
1091 4249 1142 4330 qui
1155 4259 1186 4311 et
1199 4249 1355 4332 Domstus,

309 4353 401 4416 Juba

431 4487 501 4546 Hoec
514 4509 564 4568 ego
573 4487 690 4567 Rtfimtr
701 4491 796 4570 collegi
808 4499 894 4550 mente
904 4491 1026 4569 mgna,

431 4591 633 4673 Disciputs'squc
647 4597 708 4656 dedi
715 4617 830 4660 musmo
840 4598 954 4675 puchra
966 4597 1057 4660 libeas.
