3292 5575
488 695 551 756 DE
580 695 768 757 METRIS
799 693 1013 758 COMICIS.
1180 696 1271 758 revit·

234 897 333 940 versus
346 897 432 950 sono,
445 876 568 938 simulac
581 877 715 949 audierit,
733 878 817 939 fsdle
836 879 979 959 intelliget
1000 883 1082 956 cujus
1097 879 1212 960 generis
1225 879 1272 954 sit,

234 985 309 1044 enin
321 995 407 1065 purte
426 983 525 1063 ulique
545 984 688 1062 quantitas
709 985 835 1057 deficiat,
853 996 902 1046 eut
922 985 1030 1066 aliquid
1043 985 1102 1044 vitii
1120 985 1157 1046 sit
1179 985 1210 1044 ln
1222 1001 1275 1044 nu·

233 1091 341 1160 meris3
358 1109 416 1150 nec
428 1107 502 1168 opus
515 1099 561 1149 est
574 1089 614 1148 sd
631 1089 773 1165 judicium
795 1089 834 1150 de
847 1089 892 1150 his
903 1089 1067 1163 ferendum,
1087 1100 1119 1150 ut
1131 1090 1162 1150 in
1175 1088 1275 1150 conci·

235 1197 306 1256 lium
316 1197 423 1275 digitos
435 1195 583 1255 adhibent.

276 1301 355 1360 Haeo
366 1300 410 1359 its
432 1319 497 1359 esse
516 1317 563 1358 res
583 1299 648 1377 ipso
660 1300 861 1378 comprobabit
884 1299 1108 1381 exemplisque
1121 1315 1192 1360 mox
1210 1297 1277 1360 sffe-

237 1405 493 1477 rsmertrooduioo
505 1421 614 1482 genero
636 1404 803 1483 desumptis.
846 1404 948 1464 Sentio
965 1403 1083 1484 quidem
1101 1425 1149 1464 me
1169 1405 1218 1465 bic
1239 1405 1278 1464 ob

237 1510 300 1571 aliis
313 1510 356 1568 rei
369 1509 501 1568 metricus
511 1507 699 1587 scriptoribus
712 1507 802 1580 obire,
816 1509 865 1588 qui
876 1508 913 1569 de
924 1510 1046 1587 jombico
1059 1529 1167 1589 genere
1184 1509 1278 1590 primo

237 1616 306 1676 looo
318 1615 413 1675 solent
424 1633 525 1693 ogere,
543 1625 578 1673 ut
591 1614 791 1693 antiquissimo
809 1625 840 1674 et
855 1614 1011 1674 fsdllimo'z
1031 1615 1084 1676 sed
1099 1615 1278 1676 doctisdmo·

237 1735 304 1778 rum
312 1719 436 1777 virorum
448 1717 535 1778 venis
543 1717 643 1779 dicere
656 1717 752 1790 licoat,
762 1724 886 1798 utroque
897 1719 1014 1780 nomine
1027 1739 1078 1780 eos
1090 1721 1279 1782 vehementer

238 1825 311 1885 fulli.
351 1823 479 1884 Primum
497 1823 575 1883 onim
596 1823 755 1884 clarissimo
773 1841 812 1882 ex
830 1824 987 1884 Aristotelis
1005 1824 1080 1885 libro
1100 1824 1138 1884 de
1159 1823 1280 1885 Pontius

238 1928 405 1991 testimonio
414 1938 529 1989 oomtst
538 1929 700 1987 trochaicus
717 1946 809 2006 genus
820 1928 911 1989 titisse
924 1929 1160 2009 antiquissimum.
1202 1929 1280 1990 Hoec

241 2036 316 2096 enlm
328 2034 378 2094 ille
389 2053 417 2094 c.
428 2039 460 2094 4.
501 2033 553 2105 T6,
567 2055 597 2092 re
608 2039 709 2112 pbrpor
729 2033 758 2090 ἐκ
770 2037 951 2114 τπρομέτροο
964 2037 1138 2116 (τροχᾶικοῦ)
1150 2032 1281 2114 ἰαμβεῖον

240 2143 361 2218 ἐγένετο.
374 2141 407 2200 rd
418 2141 474 2218 pair
487 2143 543 2218 γὰρ
560 2148 671 2218 πρότον
683 2140 851 2216 τετραμέτρῳ
868 2138 999 2218 ε’χρόννο,
1019 2138 1067 2200 διά
1085 2139 1116 2199 τὸ
1136 2143 1282 2216 σατιμκὴν

241 2250 285 2306 sol
298 2249 540 2326 ὀρχηπικυτέρον
557 2241 696 2315 εἶναιτὴν
707 2247 831 2315 ποίησιν.
841 2245 938 2314 λέξεως
959 2241 990 2302 δὲ
1013 2245 1172 2324 γενομένης,
1183 2245 1282 2316 durtii

243 2354 324 2434 φύσις
333 2352 366 2411 τὸ
384 2355 485 2410 οἰκεῖον
501 2355 606 2431 μέτρον
617 2347 687 2430 ripe.
707 2351 835 2428 pullum
848 2349 903 2423 γὰρ
921 2345 1046 2406 λεκτικὸν
1063 2357 1118 2408 τῶν
1130 2351 1234 2428 μέτρον
1249 2347 1280 2408 ri

243 2454 455 2536 laptittdvim.
488 2453 819 2520 Quodsilrooseousse
833 2451 1186 2531 boberettumensiqnae
1201 2452 1282 2513 dere

242 2561 365 2622 metrico
375 2561 535 2641 scripturus
545 2580 621 2631 snm,
631 2559 742 2620 luoilius
751 2557 950 2636 intelligentur
970 2576 1007 2617 eo
1021 2557 1147 2636 primum
1165 2558 1282 2618 troden-

245 2666 295 2739 do,
308 2665 422 2746 qumod
434 2666 598 2725 troadam
610 2683 703 2744 genus
712 2673 858 2742 spectant,
875 2663 942 2723 heeo
953 2673 999 2723 est
1018 2662 1126 2722 idoneo
1135 2663 1218 2735 ratio,
1233 2683 1285 2722 our

244 2771 323 2832 buno
339 2769 435 2850 potius
457 2790 546 2851 quom
566 2769 646 2830 illum
668 2768 743 2829 vium
763 2768 939 2830 insistamus.
984 2769 1063 2830 Hoeo
1087 2777 1186 2829 sutem
1209 2767 1283 2831 mtto

245 2890 385 2958 quantum
394 2877 486 2937 ultera
497 2876 612 2937 facilior
624 2876 672 2948 sit,
683 2886 715 2937 et
723 2896 784 2936 non
794 2875 883 2936 modo
895 2875 937 2935 rei
947 2875 1076 2937 metricoe
1085 2874 1285 2955 imperitorum

246 2983 343 3063 nuptui
355 2982 674 3055 sooommodstior‚sed
684 2979 830 3060 etreiipni
844 2979 881 3039 do
894 2979 1067 3059 qusugitur‚
1085 2980 1179 3060 aptior
1197 2990 1283 3061 etque

246 3086 351 3159 utilior,
364 3106 424 3147 non
441 3106 515 3167 opus
536 3097 634 3147 estut
652 3085 749 3147 verbis
771 3085 844 3146 meis
865 3084 977 3155 dicam
997 3084 1091 3146 lector
1111 3086 1175 3165 ipse
1187 3084 1284 3147 stetim

248 3201 385 3272 expertus
398 3210 431 3250 ro
440 3190 504 3271 ipss
516 3190 726 3271 deprehendet.

287 3297 512 3377 Seduutequnm
524 3315 594 3356 vers
611 3314 651 3357 ex
665 3296 803 3357 Terentio
820 3298 954 3377 exemplo
966 3297 1121 3370 adducam,
1135 3297 1212 3358 fictis
1231 3317 1285 3357 ex·

248 3402 359 3483 emptis,
372 3418 431 3460 uno
444 3400 555 3461 seilicet
567 3402 657 3461 verbo
670 3401 776 3480 sepius
795 3400 931 3480 repetito,
947 3402 1061 3480 singulo
1083 3422 1216 3463 versuum
1235 3420 1286 3480 ge-

247 3526 319 3568 nera
329 3504 433 3565 lectori
446 3506 486 3565 ob
496 3505 596 3565 oculos
608 3524 724 3585 ponam,
739 3525 797 3584 quo
808 3506 914 3567 clarius
922 3517 953 3566 et
965 3507 1079 3586 planius
1089 3526 1188 3567 eorum
1205 3518 1287 3567 untu-

249 3632 319 3683 mm,
341 3612 543 3690 quantitatem,
566 3620 597 3670 et
613 3630 765 3671 numerum
783 3611 952 3691 perspiciat.
995 3612 1030 3671 In
1045 3614 1179 3672 trochaico
1197 3611 1286 3693 igitur

249 3734 367 3798 genere,
381 3717 512 3775 trochaici
526 3718 677 3776 tetrametri
688 3718 789 3797 integri
808 3718 972 3797 exemplum
984 3718 1041 3778 hoc
1055 3729 1128 3779 esto.
1292 3716 1301 3727 “

388 3834 575 3883 rioms-men:
583 3834 762 3883 pionem
772 3834 935 3883 Phormi-om
941 3835 1137 3884 :Phormionem

251 3950 321 4011 Hoo
345 3960 390 4010 est
412 3948 616 4030 perfectissimi
639 3951 769 4011 trochaici
793 3950 945 4008 tetrametri
968 3951 1141 4031 exemplum.
1168 3949 1289 4011 διποδίοι

250 4054 328 4115 euim
341 4074 395 4114 seu
417 4065 511 4113 metra
534 4055 639 4133 quibus
658 4064 781 4128 oonstst,
799 4067 868 4115 sunt
884 4056 979 4117 omniu
992 4076 1030 4117 ex
1043 4058 1156 4117 trocheo
1169 4066 1199 4116 et
1211 4076 1289 4134 opon-

251 4160 308 4230 deo,
323 4159 416 4218 idest
435 4176 475 4218 ex
499 4159 623 4239 epitritis
644 4158 781 4220 secundis
805 4160 941 4233 conflata,
969 4181 1034 4240 quae
1057 4161 1144 4239 hujus
1171 4160 1289 4241 generis

251 4281 365 4322 summu
384 4261 447 4322 leus
461 4273 516 4323 est.
558 4263 700 4323 Troctlor'ci
720 4262 797 4324 enim
817 4264 931 4345 generis
952 4264 1098 4351 proprium
1121 4276 1175 4337 est,
1190 4276 1225 4325 ut
1234 4274 1291 4325 tro·

249 4368 337 4425 chaus
349 4364 387 4425 sit
404 4364 436 4426 in
448 4366 521 4426 loeis
534 4366 700 4447 imparibus,
721 4368 831 4428 sivein
853 4368 950 4449 priore
970 4367 1056 4428 metri
1080 4380 1181 4447 parte3
1200 4368 1231 4428 in
1251 4368 1291 4429 ol·

251 4480 315 4530 tera
326 4488 397 4531 vero
419 4473 561 4551 spondeum
581 4473 628 4532 rel
648 4474 760 4551 spondeo
772 4456 882 4554 parem,
900 4484 934 4533 ut
953 4472 1033 4554 prius
1057 4472 1129 4547 dixi,
1145 4473 1235 4547 malit,
1251 4492 1290 4535 ne

245 4579 327 4651 justo
347 4576 439 4638 levior
460 4588 490 4639 et
505 4577 637 4640 mobilior
657 4579 705 4641 sit.
746 4578 837 4639 Hunc
856 4596 969 4639 versum
994 4579 1128 4658 integrum
1140 4577 1208 4651 dixi,
1222 4597 1290 4659 quo-
