3292 5575
342 633 455 700 emi*
571 631 642 699 DE
670 633 876 698 Mullus
907 629 1146 697 conulem.

342 838 349 869 1
388 821 513 901 saque
526 811 565 882 ue
579 811 817 882 ninneton
830 793 1271 896 uentosjuxnnummn
1283 809 1388 894 essm

341 915 581 988 siesebsbentt‘
1142 914 1146 920 ’
1239 931 1242 936 ·
1271 913 1274 919 ’
1312 925 1315 932 “

345 1051 349 1061 ·
440 1021 473 1102 ἰ
825 1057 842 1102 s
952 1087 955 1093 .
1183 1121 1186 1128 ¹
1226 1041 1244 1102 ε’
1280 1030 1282 1034 ’

348 1161 352 1167 -
1145 1133 1206 1178 Aeto
1214 1129 1315 1193 plimon

377 1205 557 1270 Tibiisptsibns
748 1203 826 1256 'tibiis
836 1206 925 1254 daubus
1117 1205 1195 1254 'tibiis
1205 1206 1340 1273 impetibps,

347 1281 586 1333 dextrisetsinistris.
712 1295 717 1304 ⁴
794 1283 892 1332 dextris.
1084 1279 1168 1330 deinde
1184 1281 1274 1331 dusbus
1289 1278 1390 1330 dextris.

361 1398 561 1522 'libiis84smnia
736 1396 926 1537 ‘libiisdmlbnn
1135 1395 1355 1534 uttttstbpsfibue

347 1574 349 1579 ¹
390 1580 450 1646 sed
461 1584 594 1667 quedem
607 1605 647 1648 ex
656 1583 702 1646 his
715 1605 776 1646 non
789 1583 860 1646 setis
871 1563 986 1644 sincere
999 1601 1063 1644 esse
1075 1579 1169 1664 liquet
1180 1603 1247 1644 cum
1261 1603 1299 1644 ex
1308 1583 1389 1645 eodi-

348 1710 415 1751 cnm
429 1692 579 1766 verietate,
593 1702 655 1753 tum
665 1711 705 1753 ex
718 1686 850 1764 Donato,
860 1689 946 1769 juxte
958 1708 1055 1770 quem,

443 1822 654 1870 Soonndnsotssst
862 1792 950 1882 Qnsrts
1221 1819 1294 1868 Sexte

355 1915 360 1920 ’
395 1896 461 1947 tibiis
470 1900 554 1948 dextn
564 1899 700 1948 etsinistn.
781 1942 783 1945 .
811 1896 877 1946 tibiis
888 1895 987 1944 dextris.
1162 1894 1227 1944 tibiis
1236 1893 1349 1944 &nonin

389 2011 433 2073 Ut
441 2010 509 2073 hseo
517 2022 614 2073 antem
623 2010 827 2091 intelligamus,
838 2007 1050 2072 observandum
1060 2017 1106 2068 est
1114 2019 1246 2068 veterum
1257 2008 1390 2070 tibicines

350 2115 424 2175 dues
437 2115 521 2176 simul
534 2101 618 2176 tibias
630 2115 733 2175 inflare
744 2115 845 2176 solitos
862 2133 936 2186 esso,
955 2133 1020 2194 quse
1038 2111 1063 2172 si
1079 2112 1180 2174 dextre
1198 2132 1296 2186 menn,
1315 2113 1390 2173 dex-

350 2228 453 2298 traque
469 2219 524 2279 oris
536 2229 620 2299 parte
631 2227 809 2291 tenerentur,
824 2220 924 2278 dextre
937 2217 1023 2278 dicte
1040 2229 1124 2278 sunta
1151 2236 1217 2299 quoe
1231 2237 1301 2276 vero
1317 2216 1391 2277 laeve

349 2340 447 2396 mann,
459 2321 591 2402 loeveque
604 2323 662 2383 oris
673 2334 766 2402 perte,
778 2322 905 2384 sinistro.
918 2303 995 2382 bunc
1008 2321 1088 2402 opud
1100 2321 1165 2382 illos
1178 2341 1289 2382 morem
1301 2319 1391 2382 fuisse

349 2427 467 2508 antique
489 2448 632 2489 marmore
650 2437 680 2488 et
699 2427 810 2488 nummi
831 2447 938 2507 magno
960 2447 1081 2488 numero
1102 2425 1268 2488 ostendunt.
1308 2425 1391 2485 Duas

349 2555 415 2595 vero
425 2535 545 2613 destruo,
556 2555 616 2595 non
625 2555 707 2613 pares
720 2536 839 2605 dextros,
854 2542 885 2592 et
896 2529 1019 2612 proinde
1033 2532 1101 2590 duos
1113 2531 1249 2605 sinistras,
1263 2540 1345 2590 recte
1358 2539 1391 2588 et

348 2638 465 2722 proprie
478 2638 536 2700 dici
549 2649 631 2720 petet
643 2648 674 2699 et
687 2659 725 2699 ex
736 2638 781 2696 his
792 2635 892 2709 titulis,
908 2646 938 2696 et
949 2655 986 2695 ex
998 2634 1146 2696 notissimo
1161 2633 1278 2695 Phaedri
1289 2635 1355 2696 loco
1368 2632 1391 2694 l.

349 2738 387 2803 V.
401 2743 475 2809 Feb.
485 2749 517 2809 d.
530 2743 570 2807 (le
580 2742 709 2817 tibicine,
723 2743 772 2824 qui
786 2740 931 2806 sinistram
943 2740 1073 2821 fregerat
1086 2740 1195 2816 tibiam,

551 2886 649 2947 Dnns
663 2906 743 2963 quun
755 2903 910 2947 nnxnnns
922 2885 1058 2947 maluisset
1067 2886 1192 2963 perdere.

331 3016 337 3019 ¹
391 3030 442 3089 Ex
461 3026 548 3088 tertio
567 3028 654 3088 titulo
672 3027 766 3107 liquet
785 3029 868 3088 tibias
889 3028 997 3087 deutrus
1020 3028 1056 3087 sb
1078 3027 1223 3105 imparibus
1242 3026 1389 3108 distingui,

352 3136 477 3213 ideoque
491 3152 574 3210 pares
590 3132 690 3205 fuisse,
704 3132 736 3191 id
749 3142 794 3193 est
807 3132 1134 3211 peribus'sornminibns,
1148 3152 1291 3213 paresque
1304 3152 1391 3195 sonos

353 3239 489 3311 edidisse,
500 3236 581 3319 quod
593 3236 672 3297 idem
685 3237 747 3317 pari
755 3242 821 3314 jure
835 3236 872 3298 de
886 3238 986 3297 duobus
994 3238 1112 3297 sinistris
1125 3238 1212 3325 etiam
1226 3239 1389 3301 dicendum.

352 3345 467 3421 impares
478 3343 566 3423 igitur
577 3342 661 3401 fuere
675 3342 743 3401 dum
762 3340 850 3414 tubiae,
865 3360 987 3422 querum
1007 3342 1111 3402 dextra
1123 3338 1223 3416 nitere,
1243 3345 1335 3405 altere
1353 3344 1390 3405 si-

353 3450 453 3509 nistra.
462 3448 493 3506 in
504 3447 596 3528 primo
606 3444 694 3525 igitur
706 3445 802 3517 titolo,
816 3464 884 3505 cnm
899 3446 971 3504 tibiis
987 3446 1101 3523 potibus
1113 3444 1237 3507 eddntur
1249 3450 1351 3507 densis
1363 3458 1391 3508 et

352 3552 517 3627 nnbtmfin
526 3548 626 3631 quinto
635 3569 705 3610 vero
716 3550 790 3610 tibiis
797 3552 907 3627 parion
916 3550 987 3610 nihil
998 3552 1057 3611 tnle
1067 3552 1200 3625 eddnttur,
1210 3552 1389 3613 censendum

354 3668 400 3718 est
412 3658 459 3717 vel
475 3656 506 3715 in
525 3654 617 3736 primo
638 3656 740 3714 destris
759 3664 786 3713 et
806 3655 924 3714 sinonis
943 3674 980 3715 ex
1000 3652 1160 3716 abundanti
1180 3653 1275 3743 adjici,
1294 3654 1341 3717 vel
1358 3658 1389 3717 in

353 3762 453 3844 quinto
462 3780 550 3821 voces
563 3779 613 3821 ens
625 3759 727 3837 injurio
739 3759 865 3839 quadem
879 3749 1041 3820 excidisse:
1063 3773 1197 3839 cumque,
1209 3760 1261 3821 nisi
1279 3761 1389 3841 aliquid

352 3865 494 3944 ejusmodi
513 3865 648 3939 addetur,
670 3864 746 3924 scire
767 3882 957 3943 nequeamus,
978 3875 1075 3925 utrum
1096 3867 1196 3925 dentre
1215 3884 1253 3926 en
1273 3868 1389 3926 sinistro

352 3970 470 4043 inerint,
491 3968 592 4049 opinor
608 3969 721 4045 peritus
740 3968 814 4028 tibiis
827 3980 951 4047 quatuor
970 3968 1103 4049 intelligi,
1117 3970 1182 4029 duos
1198 3970 1311 4031 scilicet
1323 3973 1388 4031 dss-

354 4084 422 4147 tros,
436 4092 502 4133 eum
515 4072 750 4144 nomentum,
766 4083 796 4132 et
809 4071 935 4134 diversos
948 4073 1054 4132 fsbuloe
1072 4084 1170 4153 partes
1184 4072 1302 4135 diversis
1312 4074 1388 4135 tibiis
1464 4111 1468 4119 ·

354 4178 545 4249 netnsfuisse3
558 4176 628 4237 nlies
637 4193 743 4257 nempe
754 4179 855 4237 duabus
865 4181 974 4253 dextris,
984 4178 1053 4239 elias
1063 4198 1133 4239 vero
1145 4180 1245 4239 dublo
1252 4180 1371 4243 sinistris
1375 4204 1388 4248 ,-

355 4282 403 4341 sel
413 4292 504 4342 totam
514 4282 641 4343 iebnlem
651 4282 816 4343 nlternvice
829 4283 874 4344 his
889 4283 973 4359 tibiis,
987 4283 1078 4345 altera
1089 4284 1154 4345 illis.
1184 4284 1347 4364 Utrumque
1357 4284 1386 4341 in

355 4386 504 4451 utuinisse
513 4408 572 4453 non
580 4398 625 4451 est
637 4398 669 4451 ut
676 4390 849 4464 dubitemus,
863 4408 928 4450 omn
942 4408 981 4449 ex
993 4388 1074 4451 hisce
1088 4388 1177 4451 titulis
1191 4400 1305 4451 constet
1318 4406 1388 4449 een·
