3292 5575
487 680 551 739 DE
573 682 778 743 COMICIS
812 683 1062 747 VERSIBUS.
1230 688 1291 749 lxi*

256 858 313 919 rita
326 862 481 933 communi,
501 874 532 921 et
545 864 627 943 quasi
643 864 797 927 cotidianis
817 868 936 928 eventia
971 868 1041 928 Hoc
1053 869 1186 930 carminis
1199 888 1292 949 genus

255 964 291 1023 de
304 964 448 1043 tragedia
468 966 561 1040 duxit,
582 978 614 1028 ut
628 968 766 1033 Horatius
780 970 889 1063 docuit
910 973 961 1053 qui
975 973 1106 1054 Thespia
1121 973 1193 1035 dicit
1209 973 1290 1035 inve·

253 1068 327 1161 nisse
337 1070 468 1149 ignotum
482 1090 575 1149 genus
585 1076 705 1155 tragicae
715 1094 822 1139 muse:
837 1088 926 1158 atque
939 1078 1036 1139 addit:

451 1199 586 1260 Soram
597 1212 673 1263 cetra
684 1206 726 1263 lris
738 1210 863 1268 comedia
873 1211 989 1268 maana
999 1212 1083 1268 maha

461 1307 561 1366 Laude.

249 1436 334 1498 lnitia
347 1450 444 1499 autem
457 1440 547 1499 fuisse
561 1438 716 1500 admodum
735 1432 823 1521 parva
843 1453 873 1502 et
893 1443 986 1513 rudia,
1005 1460 1073 1502 cum
1089 1440 1205 1513 hilares,
1220 1452 1288 1519 post

248 1545 361 1605 labores
373 1556 504 1617 exactos,
520 1545 622 1607 diebus
636 1545 716 1606 festis
727 1548 914 1608 concinerent
926 1546 1044 1626 aliquid,
1059 1558 1089 1606 et
1102 1546 1160 1618 alii,
1170 1556 1202 1606 et
1210 1546 1288 1607 idem

251 1650 391 1709 Horatius
401 1650 431 1708 in
446 1652 557 1726 epistola
575 1652 612 1707 ad
625 1650 779 1728 Augustum
793 1651 937 1731 perhibet,
953 1650 1002 1710 ubi
1017 1651 1098 1722 dicit,
1117 1650 1288 1711 abinnoxiis

243 1754 320 1833 jocis
333 1755 494 1815 libertatem
509 1756 585 1815 hanc
597 1756 636 1814 ad
650 1754 862 1815 intolerabilem
876 1755 1022 1815 licentiam
1037 1766 1203 1834 provectam
1217 1754 1288 1815 suis·

247 1880 288 1919 se.
323 1860 380 1927 Qui
394 1860 502 1939 primus
516 1870 612 1920 autem
627 1860 798 1920 comoediam
813 1859 969 1940 scripserit,
990 1880 1049 1919 non
1063 1870 1184 1919 constat.
1203 1858 1241 1918 In
1253 1858 1288 1916 li-

246 1965 300 2024 bro
313 1966 362 2043 qui
377 1964 528 2025 Aristoteli
541 1964 706 2025 inscribitur
720 1968 752 2022 de
761 1967 878 2043 portien,
893 1966 968 2025 inter
988 1965 1044 2025 alia
1058 1976 1089 2024 et
1100 1964 1166 2024 htec
1179 1965 1284 2044 legun·

247 2078 310 2128 tur:
323 2068 438 2127 Siculos
451 2068 671 2128 sibi'vendicare
682 2069 831 2128 inventum
846 2070 1008 2141 comoediae,
1021 2071 1111 2129 fuisse
1125 2070 1202 2129 enim
1213 2069 1286 2149 Epi.

246 2172 393 2233 charmum
415 2183 482 2233 ante
504 2174 730 2234 Chonnidemet
743 2174 933 2254 Magnetem:
955 2186 986 2235 et
1003 2176 1046 2233 uti
1068 2174 1190 2235 nominis
1212 2194 1286 2255 quo·

245 2300 299 2359 que
313 2280 488 2341 testimonio.
511 2279 584 2339 Esse
603 2279 680 2339 enirn
701 2290 781 2339 certe
795 2281 964 2339 comoediam
979 2300 1037 2339 non
1050 2281 1106 2339 ἀπὸ
1119 2292 1168 2340 roo
1182 2288 1283 2359 κώμου,

246 2384 298 2443 sed
311 2386 551 2461 distribuenda,
573 2384 671 2461 idest,
686 2402 745 2442 non
757 2384 789 2441 dc
802 2387 940 2444 hilaritate
953 2398 984 2444 et
997 2386 1171 2456 errltatiorre,
1186 2383 1238 2443 aed
1252 2385 1284 2442 de

241 2492 323 2569 pagr't
336 2490 519 2569 appellatam.
548 2488 608 2549 Sed
621 2490 658 2547 ab
674 2488 900 2549 Atheniensibus
923 2509 1014 2568 pagos
1036 2510 1094 2549 non
1118 2492 1221 2566 κόμας,
1235 2506 1283 2546 ve·

246 2614 308 2653 rum
323 2593 539 2673 llpavcvocari.
562 2592 700 2651 Similiter
717 2604 747 2651 ct
761 2594 901 2671 quosdam
920 2593 1132 2671 Peloponesios
1145 2592 1186 2652 ait
1198 2610 1283 2651 suurn

242 2699 342 2757 faeere
355 2699 502 2758 inventum
516 2696 692 2775 tragoediam,
705 2698 783 2775 quod
793 2697 900 2755 fabulae
919 2698 1045 2777 δράματα
1059 2697 1200 2767 dicantur,
1215 2714 1283 2755 cum

244 2816 341 2864 tamen
355 2804 578 2864 Atheniensibus
592 2804 622 2863 in
639 2823 693 2862 usu
709 2821 768 2862 non
788 2800 826 2861 sit
845 2803 965 2861 verbum
980 2801 1058 2881 ἱρᾶν,
1071 2802 1125 2862 sed
1138 2807 1282 2880 πράττειν.

244 2909 357 2969 Ibidem
371 2921 401 2970 et
409 2911 465 2970 hoc
475 2910 615 2988 scripturn
627 2919 680 2968 est.
702 2907 748 2966 Ab
759 2926 795 2966 eo
803 2909 919 2965 demum
930 2917 1062 2986 tempore
1071 2905 1221 2967 comoediae
1230 2925 1283 2965 au·

242 3025 318 3074 tores
331 3015 481 3086 celebrari,
493 3034 550 3093 quo
561 3014 682 3072 formam
692 3013 742 3072 illa
752 3022 783 3072 et
795 3012 923 3091 speciem
932 3011 1076 3091 quandam
1085 3021 1174 3073 tracta
1182 3011 1281 3085 fuerit,

242 3141 307 3180 cum
320 3121 460 3200 principio
473 3121 596 3180 obscura
610 3129 696 3188 esset,
718 3129 748 3177 et
762 3129 877 3177 autores
890 3117 980 3196 ipsius
1001 3117 1134 3178 laterent.
1157 3117 1218 3177 Sed
1231 3137 1281 3177 co·

242 3225 346 3284 moedia
359 3246 425 3304 quae
438 3225 537 3304 priscis
550 3223 728 3308 temporibus
742 3222 771 3282 in
786 3243 838 3282 usu
851 3223 914 3293 fuit,
934 3241 993 3302 qua
1005 3222 1172 3282 nominatim
1186 3221 1217 3280 hi
1230 3233 1282 3282 aut

241 3329 385 3408 improbos
399 3339 449 3388 aut
463 3328 591 3386 inimicos
604 3347 672 3386 suos
686 3327 927 3405 perstringebant,
951 3327 1120 3407 principium
1141 3327 1229 3386 etiarn
1242 3327 1283 3385 vi·

243 3452 338 3492 rorum
352 3432 482 3492 vitamet
494 3451 590 3491 mores
604 3431 852 3510 reprehendentes
867 3476 875 3504 ‚
895 3433 961 3491 haec
970 3432 1058 3511 igitur
1071 3429 1189 3512 antiqua
1202 3432 1282 3492 dicta

243 3547 295 3595 est.
316 3535 366 3594 De
381 3538 464 3613 cujus
476 3535 594 3594 licentia
608 3533 798 3614 κωμωδεῑσὲαι
811 3536 899 3613 vulgo
913 3535 1016 3595 dixere
1030 3557 1090 3608 eos,
1105 3537 1154 3617 qui
1167 3536 1280 3616 probris

241 3637 463 3702 lacesserentur.
498 3639 596 3718 Hujus
618 3650 700 3698 autor
715 3641 921 3702 vetustissimas
941 3643 1106 3702 nominatur
1128 3643 1280 3722 Sannyrio.

245 3745 302 3805 Sed
311 3745 491 3804 excellentes
506 3743 598 3815 fuere,
610 3743 788 3823 temporibus
801 3744 871 3804 belli
886 3745 1080 3826 Peloponesii‚

400 3871 513 3948 Eupolis
524 3879 604 3948 atque
616 3870 755 3943 Cratinus,
768 3873 1014 3951 Aristophanesque
1024 3886 1119 3953 poeto.

243 4002 317 4062 Hac
330 4012 433 4082 postea
453 4000 509 4060 fuit
526 4011 648 4074 mutata,
664 4019 732 4060 cum
746 4000 890 4072 dolerent,
903 4013 937 4060 at
947 4002 1040 4083 inquit
1053 4003 1203 4076 Horatius,
1217 4024 1281 4064 cru·

146 4149 152 4162 .
242 4115 301 4165 erto
315 4107 392 4165 dente
400 4106 527 4164 lacessiti.
548 4105 625 4164 Turn
638 4123 744 4164 nomen
755 4105 882 4164 obtinuit
892 4105 1014 4180 Mediae,
1025 4127 1092 4188 qnae
1101 4106 1279 4174 dissimulata

245 4211 357 4270 nomine
370 4210 441 4270 vitia
451 4219 567 4282 ¹tanturn
581 4210 760 4289 exagitaret:

379 4369 580 4384 ----—
901 4337 1056 4406 Quinetiam
1066 4343 1118 4414 lar,

383 4442 675 4522 Paroparlataaralo,
689 4445 840 4523 qaoeaallct
854 4427 1122 4524 carmiarqrrerrqsara
1205 4463 1234 4504 ‘0

380 4546 517 4608 Darorilrr'.

281 4669 351 4714 rou.
364 4670 402 4713 11.
763 4658 814 4712 a*
