<?xml version="1.0" encoding="UTF-8"?>
<!DOCTYPE html PUBLIC "-//W3C//DTD XHTML 1.0 Transitional//EN"
    "http://www.w3.org/TR/xhtml1/DTD/xhtml1-transitional.dtd">
<html xmlns="http://www.w3.org/1999/xhtml" xml:lang="en" lang="en">
 <head>
  <title>
</title>
<meta http-equiv="Content-Type" content="text/html;charset=utf-8" />
  <meta name='ocr-system' content='tesseract 3.04.00' />
  <meta name='ocr-capabilities' content='ocr_page ocr_carea ocr_par ocr_line ocrx_word'/>
</head>
<body>
  <div class='ocr_page' id='page_1' title='image "./pterentiicartha01ruhngoog/pterentiicartha01ruhngoog_0089.png"; bbox 0 0 3292 5575; ppageno 0'>
   <div class='ocr_carea' id='block_1_1' title="bbox 494 696 1296 781">
    <p class='ocr_par' dir='ltr' id='par_1_1' title="bbox 494 696 1296 781">
     <span class='ocr_line' id='line_1_1' title="bbox 494 696 1296 781; baseline 0.006 -5"><span class='ocrx_word' id='word_1_1' title='bbox 494 710 561 776; x_wconf 77' lang='lat' dir='ltr'><strong>DE</strong></span> <span class='ocrx_word' id='word_1_2' title='bbox 582 713 787 776; x_wconf 79' lang='lat' dir='ltr'><strong>comcls</strong></span> <span class='ocrx_word' id='word_1_3' title='bbox 808 696 1087 776; x_wconf 68' lang='lat' dir='ltr'><strong>suasinus!</strong></span> <span class='ocrx_word' id='word_1_4' title='bbox 1193 714 1296 781; x_wconf 73' lang='lat' dir='ltr'><strong>tun·</strong></span> 
     </span>
    </p>
   </div>
   <div class='ocr_carea' id='block_1_2' title="bbox 253 892 1200 1130">
    <p class='ocr_par' dir='ltr' id='par_1_2' title="bbox 253 892 1200 1130">
     <span class='ocr_line' id='line_1_2' title="bbox 253 892 1200 978; baseline -0.004 -20"><span class='ocrx_word' id='word_1_5' title='bbox 253 897 348 977; x_wconf 67' lang='lat' dir='ltr'><strong>sssj·</strong></span> <span class='ocrx_word' id='word_1_6' title='bbox 359 901 419 958; x_wconf 70' lang='grc' dir='ltr'><strong>κατ’</strong></span> <span class='ocrx_word' id='word_1_7' title='bbox 430 897 664 978; x_wconf 54' lang='lat' dir='ltr'><strong>inanimi,</strong></span> <span class='ocrx_word' id='word_1_8' title='bbox 676 909 737 955; x_wconf 83' lang='lat' dir='ltr'><strong>una</strong></span> <span class='ocrx_word' id='word_1_9' title='bbox 747 893 879 974; x_wconf 80' lang='lat' dir='ltr'><strong>syllabas</strong></span> <span class='ocrx_word' id='word_1_10' title='bbox 899 892 986 967; x_wconf 84' lang='lat' dir='ltr'><strong>sicut,</strong></span> <span class='ocrx_word' id='word_1_11' title='bbox 998 893 1099 966; x_wconf 76' lang='grc' dir='ltr'><strong>ιιιίὂοσ,</strong></span> <span class='ocrx_word' id='word_1_12' title='bbox 1114 892 1200 954; x_wconf 82' lang='lat' dir='ltr'><strong>duro:</strong></span> 
     </span>
     <span class='ocr_line' id='line_1_3' title="bbox 370 1043 1144 1130; baseline 0.003 -21"><span class='ocrx_word' id='word_1_13' title='bbox 370 1043 434 1130; x_wconf 76' lang='lat' dir='ltr'><strong>ligo</strong></span> <span class='ocrx_word' id='word_1_14' title='bbox 445 1051 484 1110; x_wconf 83' lang='lat' dir='ltr'><strong>ud</strong></span> <span class='ocrx_word' id='word_1_15' title='bbox 494 1071 574 1110; x_wconf 74' lang='lat' dir='ltr'><strong>mum</strong></span> <span class='ocrx_word' id='word_1_16' title='bbox 586 1069 696 1111; x_wconf 78' lang='lat' dir='ltr'><em>recurro</em></span> <span class='ocrx_word' id='word_1_17' title='bbox 708 1065 825 1109; x_wconf 75' lang='lat' dir='ltr'><strong>rursum.</strong></span> <span class='ocrx_word' id='word_1_18' title='bbox 867 1045 1015 1128; x_wconf 75' lang='lat' dir='ltr'><strong>Lampadio</strong></span> <span class='ocrx_word' id='word_1_19' title='bbox 1028 1045 1144 1112; x_wconf 80' lang='lat' dir='ltr'><strong>obsecro.</strong></span> 
     </span>
    </p>
   </div>
   <div class='ocr_carea' id='block_1_3' title="bbox 162 1202 1319 3193">
    <p class='ocr_par' dir='ltr' id='par_1_3' title="bbox 248 1202 1293 1496">
     <span class='ocr_line' id='line_1_4' title="bbox 251 1202 1293 1284; baseline 0 -20"><span class='ocrx_word' id='word_1_20' title='bbox 251 1207 314 1264; x_wconf 82' lang='lat' dir='ltr'><strong>Aut</strong></span> <span class='ocrx_word' id='word_1_21' title='bbox 324 1215 380 1276; x_wconf 80' lang='lat' dir='ltr'><strong>cet,</strong></span> <span class='ocrx_word' id='word_1_22' title='bbox 398 1226 451 1284; x_wconf 81' lang='lat' dir='ltr'><strong>ego</strong></span> <span class='ocrx_word' id='word_1_23' title='bbox 467 1205 505 1264; x_wconf 82' lang='lat' dir='ltr'><strong>od</strong></span> <span class='ocrx_word' id='word_1_24' title='bbox 520 1225 609 1276; x_wconf 75' lang='lat' dir='ltr'><strong>marn,</strong></span> <span class='ocrx_word' id='word_1_25' title='bbox 623 1216 786 1284; x_wconf 73' lang='lat' dir='ltr'><strong>anapestus</strong></span> <span class='ocrx_word' id='word_1_26' title='bbox 805 1203 1042 1284; x_wconf 76' lang='lat' dir='ltr'><strong>pronunciatione</strong></span> <span class='ocrx_word' id='word_1_27' title='bbox 1056 1221 1073 1262; x_wconf 87' lang='lat' dir='ltr'><strong>o</strong></span> <span class='ocrx_word' id='word_1_28' title='bbox 1085 1202 1194 1263; x_wconf 84' lang='lat' dir='ltr'><strong>initiale</strong></span> <span class='ocrx_word' id='word_1_29' title='bbox 1213 1203 1293 1266; x_wconf 84' lang='lat' dir='ltr'><strong>colll·</strong></span> 
     </span>
     <span class='ocr_line' id='line_1_5' title="bbox 248 1306 1292 1390; baseline -0.001 -19"><span class='ocrx_word' id='word_1_30' title='bbox 248 1321 374 1390; x_wconf 76' lang='lat' dir='ltr'><strong>quante:</strong></span> <span class='ocrx_word' id='word_1_31' title='bbox 393 1311 546 1370; x_wconf 88' lang='lat' dir='ltr'><strong>autetiam</strong></span> <span class='ocrx_word' id='word_1_32' title='bbox 559 1309 660 1390; x_wconf 87' lang='lat' dir='ltr'><strong>prioris</strong></span> <span class='ocrx_word' id='word_1_33' title='bbox 672 1311 731 1369; x_wconf 90' lang='lat' dir='ltr'><strong>hoc</strong></span> <span class='ocrx_word' id='word_1_34' title='bbox 745 1328 813 1369; x_wconf 91' lang='lat' dir='ltr'><strong>cum</strong></span> <span class='ocrx_word' id='word_1_35' title='bbox 822 1327 921 1368; x_wconf 85' lang='lat' dir='ltr'><strong>versus</strong></span> <span class='ocrx_word' id='word_1_36' title='bbox 935 1307 1044 1368; x_wconf 77' lang='lat' dir='ltr'><strong>ultimoe</strong></span> <span class='ocrx_word' id='word_1_37' title='bbox 1063 1306 1196 1369; x_wconf 85' lang='lat' dir='ltr'><strong>dictionis</strong></span> <span class='ocrx_word' id='word_1_38' title='bbox 1213 1309 1292 1370; x_wconf 79' lang='lat' dir='ltr'><strong>finali</strong></span> 
     </span>
     <span class='ocr_line' id='line_1_6' title="bbox 248 1413 751 1496; baseline -0.004 -20"><span class='ocrx_word' id='word_1_39' title='bbox 248 1415 371 1496; x_wconf 84' lang='lat' dir='ltr'><strong>syllaba,</strong></span> <span class='ocrx_word' id='word_1_40' title='bbox 384 1427 418 1475; x_wconf 85' lang='lat' dir='ltr'><strong>ut</strong></span> <span class='ocrx_word' id='word_1_41' title='bbox 431 1431 510 1494; x_wconf 70' lang='lat' dir='ltr'><strong>sape</strong></span> <span class='ocrx_word' id='word_1_42' title='bbox 521 1414 566 1485; x_wconf 89' lang='lat' dir='ltr'><strong>sit,</strong></span> <span class='ocrx_word' id='word_1_43' title='bbox 582 1413 751 1474; x_wconf 83' lang='lat' dir='ltr'><strong>collidente.</strong></span> 
     </span>
    </p>

    <p class='ocr_par' dir='ltr' id='par_1_4' title="bbox 162 1515 1319 3065">
     <span class='ocr_line' id='line_1_7' title="bbox 290 1515 1291 1590; baseline 0.002 -12"><span class='ocrx_word' id='word_1_44' title='bbox 290 1519 399 1579; x_wconf 85' lang='lat' dir='ltr'><strong>Videor</strong></span> <span class='ocrx_word' id='word_1_45' title='bbox 412 1519 537 1579; x_wconf 80' lang='lat' dir='ltr'><strong>fortasse</strong></span> <span class='ocrx_word' id='word_1_46' title='bbox 549 1519 581 1578; x_wconf 90' lang='lat' dir='ltr'><strong>in</strong></span> <span class='ocrx_word' id='word_1_47' title='bbox 592 1517 637 1578; x_wconf 90' lang='lat' dir='ltr'><strong>his</strong></span> <span class='ocrx_word' id='word_1_48' title='bbox 649 1517 738 1580; x_wconf 82' lang='lat' dir='ltr'><strong>alicui</strong></span> <span class='ocrx_word' id='word_1_49' title='bbox 750 1515 835 1578; x_wconf 81' lang='lat' dir='ltr'><strong>nimii</strong></span> <span class='ocrx_word' id='word_1_50' title='bbox 849 1517 900 1578; x_wconf 89' lang='lat' dir='ltr'><strong>diu</strong></span> <span class='ocrx_word' id='word_1_51' title='bbox 913 1517 1029 1590; x_wconf 87' lang='lat' dir='ltr'><strong>morari,</strong></span> <span class='ocrx_word' id='word_1_52' title='bbox 1041 1527 1072 1578; x_wconf 86' lang='lat' dir='ltr'><strong>st</strong></span> <span class='ocrx_word' id='word_1_53' title='bbox 1083 1537 1142 1578; x_wconf 88' lang='lat' dir='ltr'><strong>non</strong></span> <span class='ocrx_word' id='word_1_54' title='bbox 1156 1538 1291 1580; x_wconf 61' lang='lat' dir='ltr'><strong>secema</strong></span> 
     </span>
     <span class='ocr_line' id='line_1_8' title="bbox 248 1615 1290 1706; baseline -0.001 -23"><span class='ocrx_word' id='word_1_55' title='bbox 248 1623 330 1698; x_wconf 87' lang='lat' dir='ltr'><strong>riam,</strong></span> <span class='ocrx_word' id='word_1_56' title='bbox 343 1624 491 1685; x_wconf 72' lang='lat' dir='ltr'><strong>ueletiam</strong></span> <span class='ocrx_word' id='word_1_57' title='bbox 509 1620 641 1684; x_wconf 88' lang='lat' dir='ltr'><strong>inutilem</strong></span> <span class='ocrx_word' id='word_1_58' title='bbox 655 1637 774 1706; x_wconf 87' lang='lat' dir='ltr'><strong>operam</strong></span> <span class='ocrx_word' id='word_1_59' title='bbox 792 1637 972 1682; x_wconf 77' lang='lat' dir='ltr'><strong>consumere.</strong></span> <span class='ocrx_word' id='word_1_60' title='bbox 1013 1615 1214 1683; x_wconf 72' lang='lat' dir='ltr'><strong>Veruntamen</strong></span> <span class='ocrx_word' id='word_1_61' title='bbox 1234 1643 1290 1704; x_wconf 82' lang='lat' dir='ltr'><strong>ego</strong></span> 
     </span>
     <span class='ocr_line' id='line_1_9' title="bbox 248 1724 1291 1811; baseline 0.001 -24"><span class='ocrx_word' id='word_1_62' title='bbox 248 1729 287 1790; x_wconf 88' lang='lat' dir='ltr'><strong>de</strong></span> <span class='ocrx_word' id='word_1_63' title='bbox 301 1749 334 1790; x_wconf 88' lang='lat' dir='ltr'><strong>re</strong></span> <span class='ocrx_word' id='word_1_64' title='bbox 346 1749 442 1809; x_wconf 90' lang='lat' dir='ltr'><strong>neque</strong></span> <span class='ocrx_word' id='word_1_65' title='bbox 455 1726 572 1811; x_wconf 80' lang='lat' dir='ltr'><strong>prorsus</strong></span> <span class='ocrx_word' id='word_1_66' title='bbox 584 1729 761 1808; x_wconf 85' lang='lat' dir='ltr'><strong>negligenda</strong></span> <span class='ocrx_word' id='word_1_67' title='bbox 774 1740 805 1789; x_wconf 89' lang='lat' dir='ltr'><strong>et</strong></span> <span class='ocrx_word' id='word_1_68' title='bbox 821 1724 910 1806; x_wconf 85' lang='lat' dir='ltr'><strong>digna</strong></span> <span class='ocrx_word' id='word_1_69' title='bbox 925 1724 1091 1788; x_wconf 71' lang='lat' dir='ltr'><strong>liberalibus</strong></span> <span class='ocrx_word' id='word_1_70' title='bbox 1104 1728 1215 1799; x_wconf 88' lang='lat' dir='ltr'><strong>studiis,</strong></span> <span class='ocrx_word' id='word_1_71' title='bbox 1230 1740 1261 1788; x_wconf 89' lang='lat' dir='ltr'><strong>et</strong></span> <span class='ocrx_word' id='word_1_72' title='bbox 1274 1748 1291 1789; x_wconf 89' lang='lat' dir='ltr'><strong>a</strong></span> 
     </span>
     <span class='ocr_line' id='line_1_10' title="bbox 248 1830 1290 1915; baseline 0.001 -23"><span class='ocrx_word' id='word_1_73' title='bbox 248 1834 395 1915; x_wconf 86' lang='lat' dir='ltr'><strong>plerisque</strong></span> <span class='ocrx_word' id='word_1_74' title='bbox 411 1845 537 1894; x_wconf 85' lang='lat' dir='ltr'><strong>tractata</strong></span> <span class='ocrx_word' id='word_1_75' title='bbox 555 1833 760 1914; x_wconf 77' lang='lat' dir='ltr'><strong>negligentius,</strong></span> <span class='ocrx_word' id='word_1_76' title='bbox 782 1830 938 1894; x_wconf 85' lang='lat' dir='ltr'><strong>dicendum</strong></span> <span class='ocrx_word' id='word_1_77' title='bbox 956 1834 1012 1894; x_wconf 90' lang='lat' dir='ltr'><strong>boc</strong></span> <span class='ocrx_word' id='word_1_78' title='bbox 1030 1835 1098 1895; x_wconf 93' lang='lat' dir='ltr'><strong>loco</strong></span> <span class='ocrx_word' id='word_1_79' title='bbox 1111 1831 1218 1913; x_wconf 85' lang='lat' dir='ltr'><strong>aliquid</strong></span> <span class='ocrx_word' id='word_1_80' title='bbox 1237 1855 1290 1914; x_wconf 87' lang='lat' dir='ltr'><strong>pu·</strong></span> 
     </span>
     <span class='ocr_line' id='line_1_11' title="bbox 248 1938 1290 2020; baseline -0.003 -20"><span class='ocrx_word' id='word_1_81' title='bbox 248 1939 327 2000; x_wconf 80' lang='lat' dir='ltr'><strong>tavi:</strong></span> <span class='ocrx_word' id='word_1_82' title='bbox 346 1940 425 2018; x_wconf 88' lang='lat' dir='ltr'><strong>qnod</strong></span> <span class='ocrx_word' id='word_1_83' title='bbox 436 1939 554 2020; x_wconf 83' lang='lat' dir='ltr'><strong>quidem</strong></span> <span class='ocrx_word' id='word_1_84' title='bbox 565 1939 709 2017; x_wconf 79' lang='lat' dir='ltr'><strong>ejusmodi</strong></span> <span class='ocrx_word' id='word_1_85' title='bbox 721 1957 786 2000; x_wconf 79' lang='lat' dir='ltr'><strong>ossa</strong></span> <span class='ocrx_word' id='word_1_86' title='bbox 799 1938 928 2010; x_wconf 84' lang='lat' dir='ltr'><strong>confido,</strong></span> <span class='ocrx_word' id='word_1_87' title='bbox 942 1949 975 1999; x_wconf 84' lang='lat' dir='ltr'><strong>ut</strong></span> <span class='ocrx_word' id='word_1_88' title='bbox 987 1939 1037 2018; x_wconf 83' lang='lat' dir='ltr'><strong>qul</strong></span> <span class='ocrx_word' id='word_1_89' title='bbox 1058 1939 1135 1999; x_wconf 72' lang='lat' dir='ltr'><strong>forte</strong></span> <span class='ocrx_word' id='word_1_90' title='bbox 1147 1939 1290 1999; x_wconf 83' lang='lat' dir='ltr'><strong>voluerint</strong></span> 
     </span>
     <span class='ocr_line' id='line_1_12' title="bbox 247 2043 1290 2114; baseline 0.001 -11"><span class='ocrx_word' id='word_1_91' title='bbox 247 2043 279 2103; x_wconf 92' lang='lat' dir='ltr'><strong>in</strong></span> <span class='ocrx_word' id='word_1_92' title='bbox 294 2043 340 2102; x_wconf 92' lang='lat' dir='ltr'><strong>his</strong></span> <span class='ocrx_word' id='word_1_93' title='bbox 353 2043 461 2104; x_wconf 84' lang='lat' dir='ltr'><strong>versari</strong></span> <span class='ocrx_word' id='word_1_94' title='bbox 478 2043 652 2114; x_wconf 76' lang='lat' dir='ltr'><strong>accuratius,</strong></span> <span class='ocrx_word' id='word_1_95' title='bbox 667 2044 844 2105; x_wconf 83' lang='lat' dir='ltr'><strong>mediocrem</strong></span> <span class='ocrx_word' id='word_1_96' title='bbox 863 2044 1047 2105; x_wconf 74' lang='lat' dir='ltr'><strong>occasionem</strong></span> <span class='ocrx_word' id='word_1_97' title='bbox 1061 2043 1217 2104; x_wconf 83' lang='lat' dir='ltr'><strong>exercendi</strong></span> <span class='ocrx_word' id='word_1_98' title='bbox 1231 2055 1290 2104; x_wconf 87' lang='lat' dir='ltr'><strong>stu-</strong></span> 
     </span>
     <span class='ocr_line' id='line_1_13' title="bbox 246 2147 1289 2228; baseline -0.002 -19"><span class='ocrx_word' id='word_1_99' title='bbox 246 2149 326 2209; x_wconf 76' lang='lat' dir='ltr'><strong>dum</strong></span> <span class='ocrx_word' id='word_1_100' title='bbox 339 2165 424 2208; x_wconf 83' lang='lat' dir='ltr'><strong>saum</strong></span> <span class='ocrx_word' id='word_1_101' title='bbox 436 2147 560 2208; x_wconf 77' lang='lat' dir='ltr'><strong>babituri</strong></span> <span class='ocrx_word' id='word_1_102' title='bbox 571 2163 639 2207; x_wconf 83' lang='lat' dir='ltr'><strong>esse</strong></span> <span class='ocrx_word' id='word_1_103' title='bbox 651 2147 811 2208; x_wconf 79' lang='lat' dir='ltr'><strong>videantur.</strong></span> <span class='ocrx_word' id='word_1_104' title='bbox 853 2147 917 2210; x_wconf 78' lang='lat' dir='ltr'><strong>Etsi</strong></span> <span class='ocrx_word' id='word_1_105' title='bbox 935 2153 1032 2208; x_wconf 82' lang='lat' dir='ltr'><strong>autem</strong></span> <span class='ocrx_word' id='word_1_106' title='bbox 1052 2150 1117 2209; x_wconf 73' lang='lat' dir='ltr'><strong>hoec</strong></span> <span class='ocrx_word' id='word_1_107' title='bbox 1131 2159 1199 2208; x_wconf 85' lang='lat' dir='ltr'><strong>sunt</strong></span> <span class='ocrx_word' id='word_1_108' title='bbox 1215 2161 1289 2228; x_wconf 79' lang='lat' dir='ltr'><strong>pra·</strong></span> 
     </span>
     <span class='ocr_line' id='line_1_14' title="bbox 247 2253 1290 2334; baseline 0.003 -21"><span class='ocrx_word' id='word_1_109' title='bbox 247 2253 343 2333; x_wconf 80' lang='lat' dir='ltr'><strong>cipue,</strong></span> <span class='ocrx_word' id='word_1_110' title='bbox 356 2269 411 2332; x_wconf 82' lang='lat' dir='ltr'><strong>per</strong></span> <span class='ocrx_word' id='word_1_111' title='bbox 423 2269 490 2331; x_wconf 78' lang='lat' dir='ltr'><strong>qnae</strong></span> <span class='ocrx_word' id='word_1_112' title='bbox 501 2262 641 2331; x_wconf 82' lang='lat' dir='ltr'><strong>poterunt</strong></span> <span class='ocrx_word' id='word_1_113' title='bbox 654 2253 762 2312; x_wconf 84' lang='lat' dir='ltr'><strong>numeri</strong></span> <span class='ocrx_word' id='word_1_114' title='bbox 774 2271 911 2315; x_wconf 74' lang='lat' dir='ltr'><strong>somnum</strong></span> <span class='ocrx_word' id='word_1_115' title='bbox 925 2255 1098 2316; x_wconf 85' lang='lat' dir='ltr'><strong>comicorum</strong></span> <span class='ocrx_word' id='word_1_116' title='bbox 1112 2253 1243 2334; x_wconf 86' lang='lat' dir='ltr'><strong>expediri</strong></span> <span class='ocrx_word' id='word_1_117' title='bbox 1258 2263 1290 2316; x_wconf 82' lang='lat' dir='ltr'><strong>et</strong></span> 
     </span>
     <span class='ocr_line' id='line_1_15' title="bbox 246 2357 1291 2440; baseline 0.001 -21"><span class='ocrx_word' id='word_1_118' title='bbox 246 2359 330 2440; x_wconf 85' lang='lat' dir='ltr'><strong>quasi</strong></span> <span class='ocrx_word' id='word_1_119' title='bbox 342 2358 452 2430; x_wconf 80' lang='lat' dir='ltr'><strong>exolvi,</strong></span> <span class='ocrx_word' id='word_1_120' title='bbox 471 2368 570 2417; x_wconf 74' lang='lat' dir='ltr'><strong>mmen</strong></span> <span class='ocrx_word' id='word_1_121' title='bbox 583 2368 614 2417; x_wconf 89' lang='lat' dir='ltr'><strong>et</strong></span> <span class='ocrx_word' id='word_1_122' title='bbox 627 2357 684 2417; x_wconf 90' lang='lat' dir='ltr'><strong>alia</strong></span> <span class='ocrx_word' id='word_1_123' title='bbox 703 2359 837 2439; x_wconf 82' lang='lat' dir='ltr'><strong>quaedam</strong></span> <span class='ocrx_word' id='word_1_124' title='bbox 850 2360 889 2419; x_wconf 90' lang='lat' dir='ltr'><strong>ad</strong></span> <span class='ocrx_word' id='word_1_125' title='bbox 907 2360 984 2420; x_wconf 83' lang='lat' dir='ltr'><strong>hanc</strong></span> <span class='ocrx_word' id='word_1_126' title='bbox 998 2379 1099 2420; x_wconf 85' lang='lat' dir='ltr'><strong>curam</strong></span> <span class='ocrx_word' id='word_1_127' title='bbox 1117 2361 1291 2422; x_wconf 86' lang='lat' dir='ltr'><strong>assumenda</strong></span> 
     </span>
     <span class='ocr_line' id='line_1_16' title="bbox 246 2460 1289 2544; baseline 0 -20"><span class='ocrx_word' id='word_1_128' title='bbox 246 2475 324 2536; x_wconf 88' lang='lat' dir='ltr'><strong>sunt,</strong></span> <span class='ocrx_word' id='word_1_129' title='bbox 338 2474 368 2523; x_wconf 88' lang='lat' dir='ltr'><strong>et</strong></span> <span class='ocrx_word' id='word_1_130' title='bbox 384 2461 416 2522; x_wconf 92' lang='lat' dir='ltr'><strong>ln</strong></span> <span class='ocrx_word' id='word_1_131' title='bbox 428 2460 526 2542; x_wconf 86' lang='lat' dir='ltr'><strong>primis</strong></span> <span class='ocrx_word' id='word_1_132' title='bbox 538 2461 713 2542; x_wconf 77' lang='lat' dir='ltr'><strong>syllabarum</strong></span> <span class='ocrx_word' id='word_1_133' title='bbox 725 2463 889 2542; x_wconf 87' lang='lat' dir='ltr'><strong>productio,</strong></span> <span class='ocrx_word' id='word_1_134' title='bbox 905 2485 971 2544; x_wconf 83' lang='lat' dir='ltr'><strong>quae</strong></span> <span class='ocrx_word' id='word_1_135' title='bbox 986 2466 1107 2536; x_wconf 73' lang='grc' dir='ltr'><strong>ἔντασις,</strong></span> <span class='ocrx_word' id='word_1_136' title='bbox 1121 2483 1157 2523; x_wconf 88' lang='lat' dir='ltr'><strong>ac</strong></span> <span class='ocrx_word' id='word_1_137' title='bbox 1174 2483 1289 2543; x_wconf 88' lang='lat' dir='ltr'><strong>correp·</strong></span> 
     </span>
     <span class='ocr_line' id='line_1_17' title="bbox 244 2565 1288 2650; baseline 0 -23"><span class='ocrx_word' id='word_1_138' title='bbox 244 2569 298 2640; x_wconf 85' lang='lat' dir='ltr'><strong>tio,</strong></span> <span class='ocrx_word' id='word_1_139' title='bbox 313 2587 380 2650; x_wconf 75' lang='lat' dir='ltr'><strong>quos</strong></span> <span class='ocrx_word' id='word_1_140' title='bbox 396 2571 516 2638; x_wconf 74' lang='grc' dir='ltr'>συστολὴ</span> <span class='ocrx_word' id='word_1_141' title='bbox 530 2566 704 2625; x_wconf 87' lang='lat' dir='ltr'><strong>nominatur.</strong></span> <span class='ocrx_word' id='word_1_142' title='bbox 735 2565 781 2626; x_wconf 73' lang='lat' dir='ltr'><strong>Fo</strong></span> <span class='ocrx_word' id='word_1_143' title='bbox 796 2579 894 2630; x_wconf 83' lang='lat' dir='ltr'><strong>autem</strong></span> <span class='ocrx_word' id='word_1_144' title='bbox 907 2568 1028 2642; x_wconf 75' lang='grc' dir='ltr'><strong>ἕκτασις,</strong></span> <span class='ocrx_word' id='word_1_145' title='bbox 1038 2569 1132 2632; x_wconf 81' lang='lat' dir='ltr'><strong>vocali</strong></span> <span class='ocrx_word' id='word_1_146' title='bbox 1143 2569 1288 2628; x_wconf 86' lang='lat' dir='ltr'><strong>interdum</strong></span> 
     </span>
     <span class='ocr_line' id='line_1_18' title="bbox 245 2665 1288 2753; baseline 0.002 -23"><span class='ocrx_word' id='word_1_147' title='bbox 245 2669 392 2753; x_wconf 78' lang='lat' dir='ltr'><strong>producta</strong></span> <span class='ocrx_word' id='word_1_148' title='bbox 408 2683 511 2731; x_wconf 88' lang='lat' dir='ltr'><strong>natura</strong></span> <span class='ocrx_word' id='word_1_149' title='bbox 529 2668 628 2731; x_wconf 84' lang='lat' dir='ltr'><strong>brevi:</strong></span> <span class='ocrx_word' id='word_1_150' title='bbox 649 2680 683 2728; x_wconf 90' lang='lat' dir='ltr'><strong>ut</strong></span> <span class='ocrx_word' id='word_1_151' title='bbox 692 2665 767 2751; x_wconf 83' lang='lat' dir='ltr'><strong>fuit,</strong></span> <span class='ocrx_word' id='word_1_152' title='bbox 786 2682 817 2731; x_wconf 87' lang='lat' dir='ltr'><strong>et</strong></span> <span class='ocrx_word' id='word_1_153' title='bbox 827 2669 906 2747; x_wconf 83' lang='lat' dir='ltr'><strong>fieri,</strong></span> <span class='ocrx_word' id='word_1_154' title='bbox 926 2666 1007 2752; x_wconf 86' lang='lat' dir='ltr'><strong>quod</strong></span> <span class='ocrx_word' id='word_1_155' title='bbox 1027 2691 1114 2752; x_wconf 87' lang='lat' dir='ltr'><strong>supra</strong></span> <span class='ocrx_word' id='word_1_156' title='bbox 1127 2669 1288 2732; x_wconf 88' lang='lat' dir='ltr'><strong>rotullmus.</strong></span> 
     </span>
     <span class='ocr_line' id='line_1_19' title="bbox 246 2769 1289 2857; baseline 0.001 -21"><span class='ocrx_word' id='word_1_157' title='bbox 246 2775 397 2838; x_wconf 87' lang='lat' dir='ltr'><strong>Interdum</strong></span> <span class='ocrx_word' id='word_1_158' title='bbox 409 2775 556 2857; x_wconf 77' lang='lat' dir='ltr'><strong>geminata</strong></span> <span class='ocrx_word' id='word_1_159' title='bbox 569 2785 758 2848; x_wconf 82' lang='lat' dir='ltr'><strong>consonante,</strong></span> <span class='ocrx_word' id='word_1_160' title='bbox 766 2785 801 2837; x_wconf 87' lang='lat' dir='ltr'><strong>ut</strong></span> <span class='ocrx_word' id='word_1_161' title='bbox 813 2769 928 2855; x_wconf 76' lang='lat' dir='ltr'><strong>relligio,</strong></span> <span class='ocrx_word' id='word_1_162' title='bbox 943 2771 1067 2850; x_wconf 74' lang='lat' dir='ltr'><strong>redduco,</strong></span> <span class='ocrx_word' id='word_1_163' title='bbox 1078 2777 1207 2855; x_wconf 75' lang='lat' dir='ltr'><strong>repperit,</strong></span> <span class='ocrx_word' id='word_1_164' title='bbox 1222 2802 1289 2837; x_wconf 86' lang='grc' dir='ltr'>σνσ·</span> 
     </span>
     <span class='ocr_line' id='line_1_20' title="bbox 162 2874 1319 2963; baseline -0.002 -20"><span class='ocrx_word' id='word_1_165' title='bbox 162 2953 164 2956; x_wconf 42' lang='grc'><strong>,</strong></span> <span class='ocrx_word' id='word_1_166' title='bbox 247 2888 316 2956; x_wconf 70' lang='lat' dir='ltr'><strong>rob)</strong></span> <span class='ocrx_word' id='word_1_167' title='bbox 329 2894 436 2956; x_wconf 70' lang='lat' dir='ltr'><strong>autem</strong></span> <span class='ocrx_word' id='word_1_168' title='bbox 453 2880 566 2963; x_wconf 81' lang='lat' dir='ltr'><strong>syllaba</strong></span> <span class='ocrx_word' id='word_1_169' title='bbox 577 2893 731 2962; x_wconf 82' lang='lat' dir='ltr'><strong>correpta:</strong></span> <span class='ocrx_word' id='word_1_170' title='bbox 752 2890 786 2939; x_wconf 91' lang='lat' dir='ltr'><strong>ut</strong></span> <span class='ocrx_word' id='word_1_171' title='bbox 799 2874 903 2954; x_wconf 78' lang='lat' dir='ltr'><strong>omitto,</strong></span> <span class='ocrx_word' id='word_1_172' title='bbox 918 2890 949 2940; x_wconf 88' lang='lat' dir='ltr'><strong>et</strong></span> <span class='ocrx_word' id='word_1_173' title='bbox 962 2882 1065 2959; x_wconf 61' lang='lat' dir='ltr'><strong>rejicio,</strong></span> <span class='ocrx_word' id='word_1_174' title='bbox 1085 2891 1117 2941; x_wconf 87' lang='lat' dir='ltr'><strong>et</strong></span> <span class='ocrx_word' id='word_1_175' title='bbox 1131 2887 1289 2961; x_wconf 81' lang='grc' dir='ltr'>σννσιρὲσει</span> <span class='ocrx_word' id='word_1_176' title='bbox 1316 2913 1319 2917; x_wconf 88' lang='grc'><em>·</em></span> 
     </span>
     <span class='ocr_line' id='line_1_21' title="bbox 247 2987 454 3065; baseline -0.01 -17"><span class='ocrx_word' id='word_1_177' title='bbox 247 2987 338 3060; x_wconf 81' lang='lat' dir='ltr'><strong>reicic,</strong></span> <span class='ocrx_word' id='word_1_178' title='bbox 352 2998 403 3047; x_wconf 85' lang='lat' dir='ltr'><strong>ut:</strong></span> <span class='ocrx_word' id='word_1_179' title='bbox 449 3058 454 3065; x_wconf 27' lang='grc'>1</span> 
     </span>
    </p>

    <p class='ocr_par' dir='ltr' id='par_1_5' title="bbox 448 3115 1060 3193">
     <span class='ocr_line' id='line_1_22' title="bbox 448 3115 1060 3193; baseline -0.002 -18"><span class='ocrx_word' id='word_1_180' title='bbox 448 3117 543 3193; x_wconf 77' lang='lat' dir='ltr'><strong>Tityre</strong></span> <span class='ocrx_word' id='word_1_181' title='bbox 551 3124 692 3193; x_wconf 72' lang='lat' dir='ltr'><strong>parcentes</strong></span> <span class='ocrx_word' id='word_1_182' title='bbox 701 3115 838 3192; x_wconf 72' lang='lat' dir='ltr'><strong>uflunune</strong></span> <span class='ocrx_word' id='word_1_183' title='bbox 852 3116 922 3174; x_wconf 80' lang='lat' dir='ltr'><strong>reice</strong></span> <span class='ocrx_word' id='word_1_184' title='bbox 936 3116 1060 3192; x_wconf 76' lang='lat' dir='ltr'><strong>cupellas.</strong></span> 
     </span>
    </p>
   </div>
   <div class='ocr_carea' id='block_1_4' title="bbox 242 3254 1289 3657">
    <p class='ocr_par' dir='ltr' id='par_1_6' title="bbox 242 3254 1289 3657">
     <span class='ocr_line' id='line_1_23' title="bbox 247 3254 1289 3339; baseline -0.006 -22"><span class='ocrx_word' id='word_1_185' title='bbox 247 3260 293 3319; x_wconf 84' lang='lat' dir='ltr'><strong>lta</strong></span> <span class='ocrx_word' id='word_1_186' title='bbox 309 3266 427 3339; x_wconf 84' lang='lat' dir='ltr'><strong>putatur</strong></span> <span class='ocrx_word' id='word_1_187' title='bbox 446 3258 635 3335; x_wconf 77' lang='grc' dir='ltr'><strong>ἐκτεταμένον,</strong></span> <span class='ocrx_word' id='word_1_188' title='bbox 655 3256 740 3313; x_wconf 67' lang='grc' dir='ltr'><strong>υἱέων</strong></span> <span class='ocrx_word' id='word_1_189' title='bbox 758 3255 885 3314; x_wconf 76' lang='lat' dir='ltr'><strong>dederitis</strong></span> <span class='ocrx_word' id='word_1_190' title='bbox 903 3257 933 3315; x_wconf 82' lang='lat' dir='ltr'><strong>iu</strong></span> <span class='ocrx_word' id='word_1_191' title='bbox 950 3256 1049 3316; x_wconf 57' lang='lat' dir='ltr'><strong>andiu</strong></span> <span class='ocrx_word' id='word_1_192' title='bbox 1076 3264 1108 3314; x_wconf 92' lang='lat' dir='ltr'><strong>et</strong></span> <span class='ocrx_word' id='word_1_193' title='bbox 1126 3254 1289 3313; x_wconf 76' lang='lat' dir='ltr'><strong>transieritis</strong></span> 
     </span>
     <span class='ocr_line' id='line_1_24' title="bbox 246 3357 1288 3445; baseline -0.004 -24"><span class='ocrx_word' id='word_1_194' title='bbox 246 3383 340 3440; x_wconf 73' lang='lat' dir='ltr'><strong>aquen</strong></span> <span class='ocrx_word' id='word_1_195' title='bbox 381 3360 443 3420; x_wconf 88' lang='lat' dir='ltr'><strong>Etsi</strong></span> <span class='ocrx_word' id='word_1_196' title='bbox 454 3360 628 3439; x_wconf 84' lang='lat' dir='ltr'><strong>quibusdam</strong></span> <span class='ocrx_word' id='word_1_197' title='bbox 641 3370 746 3419; x_wconf 87' lang='lat' dir='ltr'><strong>natura</strong></span> <span class='ocrx_word' id='word_1_198' title='bbox 765 3358 899 3419; x_wconf 81' lang='lat' dir='ltr'><strong>flexionis</strong></span> <span class='ocrx_word' id='word_1_199' title='bbox 914 3358 1062 3445; x_wconf 82' lang='lat' dir='ltr'><strong>postulare</strong></span> <span class='ocrx_word' id='word_1_200' title='bbox 1074 3357 1196 3431; x_wconf 85' lang='lat' dir='ltr'><strong>videtur,</strong></span> <span class='ocrx_word' id='word_1_201' title='bbox 1211 3370 1244 3418; x_wconf 91' lang='lat' dir='ltr'><strong>ut</strong></span> <span class='ocrx_word' id='word_1_202' title='bbox 1257 3359 1288 3417; x_wconf 89' lang='lat' dir='ltr'><strong>in</strong></span> 
     </span>
     <span class='ocr_line' id='line_1_25' title="bbox 242 3462 1285 3547; baseline -0.003 -21"><span class='ocrx_word' id='word_1_203' title='bbox 242 3464 406 3547; x_wconf 80' lang='lat' dir='ltr'><strong>hujusmodi</strong></span> <span class='ocrx_word' id='word_1_204' title='bbox 418 3464 522 3535; x_wconf 81' lang='lat' dir='ltr'><strong>verbis,</strong></span> <span class='ocrx_word' id='word_1_205' title='bbox 536 3465 572 3537; x_wconf 88' lang='lat' dir='ltr'><strong>ri,</strong></span> <span class='ocrx_word' id='word_1_206' title='bbox 586 3462 699 3543; x_wconf 83' lang='lat' dir='ltr'><strong>syllaba</strong></span> <span class='ocrx_word' id='word_1_207' title='bbox 716 3463 906 3542; x_wconf 79' lang='lat' dir='ltr'><strong>producatur,</strong></span> <span class='ocrx_word' id='word_1_208' title='bbox 921 3473 953 3524; x_wconf 90' lang='lat' dir='ltr'><strong>et</strong></span> <span class='ocrx_word' id='word_1_209' title='bbox 969 3463 1020 3523; x_wconf 85' lang='lat' dir='ltr'><strong>illa</strong></span> <span class='ocrx_word' id='word_1_210' title='bbox 1032 3462 1200 3543; x_wconf 82' lang='lat' dir='ltr'><strong>corripiatur</strong></span> <span class='ocrx_word' id='word_1_211' title='bbox 1214 3467 1285 3523; x_wconf 76' lang='lat' dir='ltr'><strong>eard</strong></span> 
     </span>
     <span class='ocr_line' id='line_1_26' title="bbox 248 3559 1287 3657; baseline -0.008 -25"><span class='ocrx_word' id='word_1_212' title='bbox 248 3576 397 3641; x_wconf 68' lang='grc' dir='ltr'>συστολὴν.</span> <span class='ocrx_word' id='word_1_213' title='bbox 437 3568 524 3657; x_wconf 53' lang='lat' dir='ltr'><strong>Hac,</strong></span> <span class='ocrx_word' id='word_1_214' title='bbox 539 3580 570 3627; x_wconf 87' lang='lat' dir='ltr'><strong>et</strong></span> <span class='ocrx_word' id='word_1_215' title='bbox 593 3568 724 3647; x_wconf 88' lang='lat' dir='ltr'><strong>superius</strong></span> <span class='ocrx_word' id='word_1_216' title='bbox 747 3566 940 3626; x_wconf 88' lang='lat' dir='ltr'><strong>indicatorum</strong></span> <span class='ocrx_word' id='word_1_217' title='bbox 963 3571 1069 3639; x_wconf 80' lang='grc' dir='ltr'>παθῶν,</span> <span class='ocrx_word' id='word_1_218' title='bbox 1094 3566 1131 3627; x_wconf 87' lang='lat' dir='ltr'><strong>de</strong></span> <span class='ocrx_word' id='word_1_219' title='bbox 1153 3559 1287 3626; x_wconf 85' lang='lat' dir='ltr'><strong>Homero</strong></span> 
     </span>
    </p>
   </div>
   <div class='ocr_carea' id='block_1_5' title="bbox 247 3656 1103 3909">
    <p class='ocr_par' dir='ltr' id='par_1_7' title="bbox 247 3656 1103 3909">
     <span class='ocr_line' id='line_1_27' title="bbox 247 3656 949 3752; baseline -0.004 -18"><span class='ocrx_word' id='word_1_220' title='bbox 247 3675 332 3736; x_wconf 67' lang='lat' dir='ltr'><strong>eoam</strong></span> <span class='ocrx_word' id='word_1_221' title='bbox 345 3693 424 3733; x_wconf 72' lang='lat' dir='ltr'><strong>nunc</strong></span> <span class='ocrx_word' id='word_1_222' title='bbox 436 3673 570 3752; x_wconf 68' lang='lat' dir='ltr'><strong>quarm</strong></span> <span class='ocrx_word' id='word_1_223' title='bbox 583 3656 853 3745; x_wconf 64' lang='lat' dir='ltr'><strong>commanemus,</strong></span> <span class='ocrx_word' id='word_1_224' title='bbox 862 3672 906 3730; x_wconf 85' lang='lat' dir='ltr'><strong>n.</strong></span> <span class='ocrx_word' id='word_1_225' title='bbox 921 3688 949 3731; x_wconf 75' lang='grc' dir='ltr'><strong>ν.</strong></span> 
     </span>
     <span class='ocr_line' id='line_1_28' title="bbox 404 3828 1103 3909; baseline 0.004 -21"><span class='ocrx_word' id='word_1_226' title='bbox 404 3828 478 3888; x_wconf 69' lang='lat' dir='ltr'><strong>“tas</strong></span> <span class='ocrx_word' id='word_1_227' title='bbox 489 3828 547 3909; x_wconf 64' lang='grc' dir='ltr'><strong>ἐμᾷ</strong></span> <span class='ocrx_word' id='word_1_228' title='bbox 555 3830 641 3888; x_wconf 68' lang='lat' dir='ltr'><strong>elan</strong></span> <span class='ocrx_word' id='word_1_229' title='bbox 650 3832 752 3909; x_wconf 73' lang='grc' dir='ltr'><strong>τιν’χεα</strong></span> <span class='ocrx_word' id='word_1_230' title='bbox 762 3828 877 3909; x_wconf 75' lang='grc' dir='ltr'><strong>δόμεναι</strong></span> <span class='ocrx_word' id='word_1_231' title='bbox 883 3829 1103 3909; x_wconf 60' lang='lat' dir='ltr'><strong>samburne</strong></span> 
     </span>
    </p>
   </div>
   <div class='ocr_carea' id='block_1_6' title="bbox 249 3981 1288 4152">
    <p class='ocr_par' dir='ltr' id='par_1_8' title="bbox 249 3981 1288 4152">
     <span class='ocr_line' id='line_1_29' title="bbox 251 3981 1288 4064; baseline -0.005 -18"><span class='ocrx_word' id='word_1_232' title='bbox 251 3986 304 4046; x_wconf 76' lang='lat' dir='ltr'><strong>lne</strong></span> <span class='ocrx_word' id='word_1_233' title='bbox 317 3984 393 4045; x_wconf 83' lang='lat' dir='ltr'><strong>enlm</strong></span> <span class='ocrx_word' id='word_1_234' title='bbox 407 3984 529 4064; x_wconf 79' lang='grc' dir='ltr'><strong>δόμεναι,</strong></span> <span class='ocrx_word' id='word_1_235' title='bbox 543 3984 625 4064; x_wconf 80' lang='lat' dir='ltr'><strong>quusi</strong></span> <span class='ocrx_word' id='word_1_236' title='bbox 638 3984 748 4063; x_wconf 77' lang='grc' dir='ltr'><strong>δόμναι,</strong></span> <span class='ocrx_word' id='word_1_237' title='bbox 761 3984 838 4046; x_wconf 76' lang='lat' dir='ltr'><strong>slent</strong></span> <span class='ocrx_word' id='word_1_238' title='bbox 854 3982 1005 4057; x_wconf 67' lang='lat' dir='ltr'><strong>abiellde,</strong></span> <span class='ocrx_word' id='word_1_239' title='bbox 1023 3990 1059 4044; x_wconf 78' lang='lat' dir='ltr'><strong>el:-</strong></span> <span class='ocrx_word' id='word_1_240' title='bbox 1073 3981 1174 4057; x_wconf 65' lang='lat' dir='ltr'><strong>trinit,</strong></span> <span class='ocrx_word' id='word_1_241' title='bbox 1194 3992 1223 4051; x_wconf 79' lang='lat' dir='ltr'><strong>ct</strong></span> <span class='ocrx_word' id='word_1_242' title='bbox 1236 3995 1288 4063; x_wconf 66' lang='lat' dir='ltr'><strong>p!-</strong></span> 
     </span>
     <span class='ocr_line' id='line_1_30' title="bbox 249 4090 699 4152; baseline 0.002 -3"><span class='ocrx_word' id='word_1_243' title='bbox 249 4091 384 4152; x_wconf 87' lang='lat' dir='ltr'><strong>rietibus:</strong></span> <span class='ocrx_word' id='word_1_244' title='bbox 406 4101 438 4151; x_wconf 91' lang='lat' dir='ltr'><strong>et</strong></span> <span class='ocrx_word' id='word_1_245' title='bbox 447 4090 503 4151; x_wconf 88' lang='lat' dir='ltr'><strong>boc</strong></span> <span class='ocrx_word' id='word_1_246' title='bbox 518 4090 699 4150; x_wconf 76' lang='lat' dir='ltr'><strong>Ennianum:</strong></span> 
     </span>
    </p>
   </div>
   <div class='ocr_carea' id='block_1_7' title="bbox 410 4218 1109 4309">
    <p class='ocr_par' dir='ltr' id='par_1_9' title="bbox 410 4218 1109 4309">
     <span class='ocr_line' id='line_1_31' title="bbox 410 4218 1109 4309; baseline 0.001 -20"><span class='ocrx_word' id='word_1_247' title='bbox 410 4230 550 4309; x_wconf 79' lang='lat' dir='ltr'><strong>Capitibus</strong></span> <span class='ocrx_word' id='word_1_248' title='bbox 564 4218 691 4289; x_wconf 64' lang='lat' dir='ltr'><strong>remes</strong></span> <span class='ocrx_word' id='word_1_249' title='bbox 700 4230 791 4306; x_wconf 78' lang='lat' dir='ltr'><strong>pinus,</strong></span> <span class='ocrx_word' id='word_1_250' title='bbox 806 4240 947 4309; x_wconf 82' lang='lat' dir='ltr'><strong>rectosque</strong></span> <span class='ocrx_word' id='word_1_251' title='bbox 960 4250 1109 4309; x_wconf 79' lang='lat' dir='ltr'><strong>cupressos.</strong></span> 
     </span>
    </p>
   </div>
   <div class='ocr_carea' id='block_1_8' title="bbox 250 4358 1290 4554">
    <p class='ocr_par' dir='ltr' id='par_1_10' title="bbox 250 4358 1290 4554">
     <span class='ocr_line' id='line_1_32' title="bbox 250 4358 1287 4455; baseline 0 -22"><span class='ocrx_word' id='word_1_252' title='bbox 250 4373 284 4432; x_wconf 89' lang='lat' dir='ltr'><strong>ln</strong></span> <span class='ocrx_word' id='word_1_253' title='bbox 296 4371 400 4453; x_wconf 72' lang='lat' dir='ltr'><strong>quibos</strong></span> <span class='ocrx_word' id='word_1_254' title='bbox 413 4380 510 4435; x_wconf 72' lang='lat' dir='ltr'><strong>tanen</strong></span> <span class='ocrx_word' id='word_1_255' title='bbox 524 4369 678 4449; x_wconf 74' lang='grc' dir='ltr'><strong>σνλλῆψιις</strong></span> <span class='ocrx_word' id='word_1_256' title='bbox 697 4381 775 4442; x_wconf 87' lang='lat' dir='ltr'><strong>sunt,</strong></span> <span class='ocrx_word' id='word_1_257' title='bbox 788 4366 979 4451; x_wconf 78' lang='lat' dir='ltr'><strong>pronuntiato</strong></span> <span class='ocrx_word' id='word_1_258' title='bbox 990 4366 1010 4448; x_wconf 90' lang='lat' dir='ltr'><strong>i,</strong></span> <span class='ocrx_word' id='word_1_259' title='bbox 1029 4390 1084 4455; x_wconf 82' lang='lat' dir='ltr'><strong>pro</strong></span> <span class='ocrx_word' id='word_1_260' title='bbox 1097 4358 1287 4451; x_wconf 80' lang='lat' dir='ltr'><strong>consonante,</strong></span> 
     </span>
     <span class='ocr_line' id='line_1_33' title="bbox 250 4468 1290 4554; baseline 0.006 -16"><span class='ocrx_word' id='word_1_261' title='bbox 250 4478 324 4539; x_wconf 79' lang='lat' dir='ltr'><strong>siem</strong></span> <span class='ocrx_word' id='word_1_262' title='bbox 336 4479 395 4541; x_wconf 91' lang='lat' dir='ltr'><strong>boc</strong></span> <span class='ocrx_word' id='word_1_263' title='bbox 409 4498 494 4541; x_wconf 83' lang='lat' dir='ltr'><strong>vorsu</strong></span> <span class='ocrx_word' id='word_1_264' title='bbox 506 4477 561 4552; x_wconf 75' lang='lat' dir='ltr'><strong>Oi,</strong></span> <span class='ocrx_word' id='word_1_265' title='bbox 573 4477 610 4554; x_wconf 86' lang='grc' dir='ltr'><strong>γ’.</strong></span> <span class='ocrx_word' id='word_1_266' title='bbox 1281 4468 1290 4482; x_wconf 57' lang='lat'><em>⁴</em></span> 
     </span>
    </p>
   </div>
   <div class='ocr_carea' id='block_1_9' title="bbox 584 4570 1007 4701">
    <p class='ocr_par' dir='ltr' id='par_1_11' title="bbox 584 4570 1007 4701">
     <span class='ocr_line' id='line_1_34' title="bbox 584 4570 1007 4701; baseline 0 -16"><span class='ocrx_word' id='word_1_267' title='bbox 584 4620 806 4700; x_wconf 56' lang='lat' dir='ltr'><strong>staremus:</strong></span> <span class='ocrx_word' id='word_1_268' title='bbox 819 4570 926 4701; x_wconf 57' lang='lat' dir='ltr'><strong>tainu.</strong></span> <span class='ocrx_word' id='word_1_269' title='bbox 1004 4656 1007 4659; x_wconf 95' lang='lat'>-</span> 
     </span>
    </p>
   </div>
   <div class='ocr_carea' id='block_1_10' title="bbox 0 0 1650 5575">
    <p class='ocr_par' dir='ltr' id='par_1_12' title="bbox 0 0 1650 5575">
     <span class='ocr_line' id='line_1_35' title="bbox 0 0 1650 5575; baseline 0 1"><span class='ocrx_word' id='word_1_270' title='bbox 0 0 1650 5575; x_wconf 95' lang='lat' dir='ltr'><strong> </strong></span> 
     </span>
    </p>
   </div>
  </div>
 </body>
</html>
