3292 5575
435 720 438 725 ’
492 723 560 787 DE
590 724 793 788 Mersus
829 723 1064 792 COMICIS.
1220 736 1296 796 crs*

257 915 353 965 ccum
364 903 497 983 proxima
507 923 564 985 pre
577 918 714 987 correpta
727 907 881 981 habeatur,
905 887 1082 989 breviorque
1094 919 1181 970 acute
1199 911 1298 975 sides·

153 1084 157 1090 .
259 1019 319 1078 tur,
338 1008 426 1069 etim
444 1029 513 1069 cum
533 1010 599 1089 ipss
614 1031 733 1092 quoque
748 1013 845 1074 brevis
859 1025 914 1074 est.
955 1013 1099 1094 Exempla
1119 1015 1205 1095 bujus
1221 1017 1299 1078 infra

258 1113 379 1200 efferam
392 1112 560 1174 clarissim

300 1219 423 1292 Quinto,
437 1221 578 1282 accentus
587 1220 717 1302 legitime
725 1224 830 1305 migret
840 1245 877 1287 ex
886 1226 1045 1307 penultima
1054 1228 1083 1286 in
1097 1228 1226 1290 ultimum
1235 1229 1298 1290 lon·

260 1343 340 1404 gem,
355 1327 471 1406 quoties
492 1327 560 1388 roci
573 1328 660 1390 elicui
681 1329 818 1392 enclitios
830 1329 969 1410 adjuncta
981 1342 1035 1403 est,
1059 1351 1126 1391 cum
1139 1333 1197 1394 boc
1208 1345 1297 1413 pecto

261 1428 364 1488 ultime
376 1449 434 1490 uon
448 1432 572 1512 emplius
584 1434 723 1508 iiltimem,
734 1435 790 1495 sed
802 1435 839 1494 ab
852 1436 955 1495 ultime
965 1437 1125 1511 secundem
1138 1439 1239 1500 sedem
1249 1459 1300 1501 oc·

261 1545 363 1613 cupet.
378 1554 405 1595 e.
420 1537 450 1614 g.
464 1535 494 1595 in
507 1539 562 1596 lcoe
574 1539 690 1599 acuitur
700 1540 801 1619 prims,
815 1538 847 1598 in
861 1542 964 1618 decqac
977 1539 1126 1602 secunda.-

304 1637 406 1712 Serto,
420 1639 451 1698 in
465 1641 627 1721 dissyilsbis
640 1663 762 1722 querum
783 1646 861 1724 prior
873 1645 969 1706 brevis
989 1655 1043 1718 est,
1059 1647 1152 1706 alters
1164 1647 1262 1727 longe,
1276 1649 1302 1710 si

263 1761 377 1804 cesure
387 1745 418 1804 in
431 1746 562 1808 diversos
574 1748 666 1828 pedes
687 1749 894 1820 distrsbentur,
909 1761 1049 1810 accentus
1061 1751 1228 1812 recessurio
1249 1752 1302 1812 mi·

263 1860 331 1928 grat
343 1850 374 1908 in
383 1851 532 1924 ultimam
549 1853 626 1933 quod
640 1854 707 1912 ideo
716 1853 827 1912 licitum
839 1852 905 1922 suit,
920 1852 988 1934 quia
997 1852 1059 1912 fieri
1073 1873 1133 1912 non
1146 1865 1261 1933 poterat
1270 1867 1303 1916 ut

262 1963 361 2033 poete
375 1953 431 2015 bac
439 1954 561 2016 licentia
573 1937 633 2017 obn
644 1967 813 2026 uterentur3
833 1954 896 2036 ipse
908 1956 993 2016 metri
1006 1958 1163 2018 necessitas
1174 1971 1304 2020 extruat.

264 2058 332 2121 Nec
345 2058 429 2120 vitari
449 2071 548 2140 potest
560 2061 590 2120 in
604 2060 730 2141 cujusvis
749 2060 865 2140 generis
870 2062 1010 2140 jurabitis,
1025 2061 1138 2141 quoties
1148 2081 1250 2122 versus
1264 2065 1302 2124 ab

262 2162 433 2240 hujusmodi
446 2185 520 2226 rece
533 2166 649 2245 incipit;
670 2177 701 2226 et
712 2164 738 2224 si
749 2165 780 2224 in
799 2166 888 2225 talem
911 2166 1033 2238 desiiset,
1053 2185 1235 2247 quecunque
1248 2189 1305 2230 vox

262 2270 458 2348 precesserit,
472 2271 575 2332 ultima
588 2275 650 2346 ejus
660 2271 807 2350 syllebssi
819 2272 909 2352 longa
920 2272 968 2352 sit,
980 2291 999 2332 c
1012 2272 1115 2333 ceteris
1129 2273 1240 2334 diuulsa
1252 2273 1304 2335 fiet

262 2373 360 2452 prima
368 2375 453 2452 pedis
467 2375 576 2446 cretici,
590 2375 723 2455 adeoque
742 2376 775 2435 in
795 2376 1010 2456 pronuntiando
1023 2387 1151 2438 acuetur.
1164 2379 1243 2458 quod
1255 2397 1306 2439 rs·

265 2477 309 2537 let
322 2478 452 2538 &siniti
466 2480 610 2540 trochaicis
630 2481 803 2554 maledicis,
817 2481 933 2562 quibas
946 2481 977 2541 in
989 2483 1305 2562 partesbjamlicisni·

266 2583 464 2646 bil'differuut.

308 2689 449 2772 Septimo,
470 2691 502 2750 in
514 2692 672 2773 trisyllabis
687 2692 771 2753 metri
790 2692 918 2754 conditio
938 2693 1084 2754 interdum
1093 2705 1189 2754 mutet
1201 2714 1304 2757 accen·

269 2810 343 2869 tum,
357 2798 483 2877 facitque
503 2806 563 2857 ute
576 2797 669 2877 prime
680 2798 711 2857 in
724 2796 883 2859 secundnm
896 2798 1018 2877 migret3
1039 2818 1105 2860 cum
1125 2799 1234 2859 scilicet
1247 2802 1306 2881 syl·

268 2905 337 2965 labe
345 2905 439 2965 brevis
452 2914 521 2964 onte
534 2915 644 2964 mutam
658 2914 689 2964 et
701 2902 840 2983 liquidum
850 2902 1040 2982 producitur:
1063 2911 1096 2960 ut
1110 2902 1135 2961 si
1147 2904 1306 2965 secundum

269 3009 300 3069 iu
313 3010 434 3069 volucres
441 3010 596 3088 producas,
608 3028 674 3087 que.
684 3019 771 3068 extre
783 3018 909 3069 metrum
923 2996 955 3067 ct'
964 3007 994 3064 in
1013 3026 1063 3067 ore
1079 3006 1178 3087 populi
1192 3026 1307 3087 semper

268 3113 433 3192 corripitur.
443 3112 497 3171 sed
506 3110 649 3171 nonlicet
662 3122 764 3173 contre
779 3112 810 3169 in
822 3110 977 3191 trisyllabis
988 3120 1139 3171 accentum
1152 3131 1169 3171 e
1180 3113 1308 3173 secunda

268 3218 431 3297 inprimant
443 3216 493 3276 vel
511 3216 627 3277 tertiam
647 3235 775 3289 movere,
796 3215 979 3295 mediamque
991 3214 1063 3275 lieet
1083 3215 1225 3297 positione
1244 3219 1308 3279 sola

268 3322 387 3402 longam
408 3322 572 3402 corripere;
592 3341 659 3382 cum
672 3341 709 3381 eo
728 3321 858 3401 legitima
876 3320 1081 3402 pronuntiandi
1095 3321 1168 3381 ratio
1186 3324 1306 3383 nimium

269 3427 447 3497 immutetur,
466 3446 523 3486 nec
543 3426 748 3487 immutationis
765 3426 872 3485 idonee
894 3424 965 3485 satis
989 3443 1076 3485 causa
1094 3424 1305 3507 audientique

270 3531 364 3592 minus
378 3531 549 3605 offendatis,
564 3552 596 3592 se
607 3533 751 3593 ostendat.
764 3530 935 3611 estquidam
948 3530 998 3589 ubi
1012 3530 1133 3591 Plsutus
1151 3531 1207 3591 hoc
1218 3532 1306 3592 etiam

269 3636 391 3697 licentia
415 3638 515 3710 utitur,
536 3638 589 3699 sed
608 3636 741 3717 parcius3
761 3656 788 3697 e.
809 3658 839 3716 g.
857 3636 886 3695 vi
905 3656 1005 3697 eorum
1026 3656 1091 3719 quoe
1113 3648 1217 3717 quarto
1240 3640 1306 3698 loco

272 3742 349 3803 dicta
369 3753 445 3815 sunt,
466 3744 612 3823 corripere
625 3742 697 3803 licet
709 3740 867 3801 secundnm
880 3742 911 3799 in
924 3742 1079 3817 uoluptatis,
1094 3742 1148 3801 sed
1160 3762 1219 3801 non
1229 3742 1307 3803 idem

270 3846 341 3907 licet
352 3848 384 3906 in
396 3849 529 3925 voluptas,
543 3847 672 3927 quemvis
684 3847 743 3907 boc
753 3864 870 3927 quoquc
883 3864 902 3905 c
915 3845 1019 3931 Plauto
1033 3845 1136 3925 sepius
1147 3845 1209 3905 liet.

313 3952 413 4012 Unum
425 3971 512 4031 porro
525 3942 701 4011 monendum
713 3958 845 4028 superest
866 3949 904 4009 dc
923 3947 1155 4028 pronuntiatione
1168 3968 1308 4013 consona·

272 4074 337 4115 rum
350 4057 438 4128 ieta,
453 4076 520 4136 quoe
538 4075 598 4115 non
616 4067 676 4115 tam
696 4055 769 4114 dure
786 4052 939 4114 efferendae
953 4062 1029 4125 sunt,
1040 4060 1076 4113 at
1090 4054 1168 4133 apud
1178 4073 1232 4115 nos
1245 4054 1309 4117 fieri

272 4160 358 4231 solet,
369 4160 423 4219 sed
436 4160 567 4220 molliore
590 4178 672 4233 sono,
691 4158 799 4237 quique
817 4156 949 4237 proxime
969 4156 1093 4217 accedet
1105 4157 1144 4217 ad
1157 4156 1238 4217 illum
1251 4179 1309 4240 quo

273 4265 523 4346 pronuntiemusy
542 4276 573 4325 et
586 4284 628 4335 u;
647 4262 728 4343 quod
741 4271 771 4321 et
783 4263 820 4322 eb
845 4261 907 4321 eliis
928 4260 1036 4320 dudum
1057 4263 1241 4323 observatum
1254 4276 1309 4339 eat,

275 4382 307 4431 et
318 4390 418 4431 rerum
438 4388 503 4431 esse
516 4370 632 4430 ubuude
646 4379 809 4429 constatex
821 4364 1043 4429 resolutionibus
1060 4366 1310 4449 syllabarumque
1363 4431 1367 4441 ,

276 4476 313 4534 eb
332 4474 394 4535 istis
405 4474 496 4535 literis
508 4473 660 4553 incipiunt,
680 4492 746 4553 quae
764 4490 910 4551 uunqusm
932 4480 991 4529 tem
1011 4472 1121 4531 crebros
1133 4471 1265 4545 fuissent,
1285 4474 1310 4533 si

276 4590 389 4643 veteres
401 4580 500 4643 literas
513 4598 563 4641 ees
586 4578 701 4641 eodem'
713 4596 771 4658 quo
790 4596 844 4637 nos
867 4576 954 4640 modo
974 4567 1223 4658 prouuritiassent:
1244 4598 1311 4641 curs
