3292 5575
325 676 398 745 xlii*
496 676 634 743 JULII
663 678 885 744 CAEsnrtrs
915 682 1185 752 scamnum

321 864 370 924 hoc
389 862 481 943 fere!
507 863 574 941 qaid
594 864 620 922 it
641 860 739 922 Perit?
766 864 833 943 quie
852 866 897 926 ilie
914 868 1041 948 fecerit?
1067 890 1144 949 qum
1169 890 1255 951 acque
1275 861 1369 950 prodet.

320 970 380 1030 Ubi
394 970 525 1043 verbum,
545 970 607 1041 alet,
627 968 715 1029 unica
734 970 847 1051 syllaba
867 984 1038 1036 concretum
1053 974 1101 1037 eit.
1143 976 1194 1039 Sic
1217 977 1305 1038 etiem
1328 998 1369 1040 ex

319 1075 439 1135 Andrioe
450 1076 500 1135 illo
513 1075 628 1135 ehtilum
641 1075 769 1149 abstulit,
789 1096 850 1137 nou
863 1081 944 1140 uude
958 1081 1077 1141 debuit:
1099 1083 1160 1159 quir
1169 1084 1259 1163 igitar
1270 1094 1313 1143 ert
1324 1106 1383 1144 νοω

318 1184 399 1242 litim
413 1182 575 1263 ohjurgomli
588 1180 682 1243 mour?
724 1182 846 1244 Sibilum
860 1185 962 1265 inquit,
980 1186 1011 1245 in
1024 1187 1204 1266 pronomine,
1224 1190 1294 1268 quir,
1315 1189 1369 1249 eli·

317 1278 406 1349 ditur.
436 1290 480 1348 At
492 1308 563 1349 vero
577 1308 645 1350 cum
658 1284 981 1370 neeessario'jambicm
993 1292 1041 1365 eit,
1061 1292 1142 1353 nullo
1153 1305 1243 1374 pecto
1252 1292 1291 1354 ad
1300 1312 1369 1353 eum

316 1394 436 1455 modum
454 1414 557 1456 eccere
576 1396 678 1477 poesie,
698 1398 752 1459 aed
771 1418 809 1458 ex
832 1396 983 1479 participio
1002 1399 1150 1460 tollendus
1163 1410 1218 1461 eet.
1262 1398 1368 1459 Sedet

316 1500 398 1559 illum
412 1501 488 1561 mule
502 1501 652 1563 dimetitua
666 1514 711 1564 est
722 1523 730 1564 ε
742 1498 814 1581 peni
827 1504 951 1564 obsecro.-
972 1513 1029 1563 tnm
1039 1496 1299 1585 infandumfacinm
1308 1524 1368 1563 mea

315 1620 356 1681 tu,
371 1630 405 1669 ue
417 1611 510 1670 aediti
523 1614 637 1690 quiden.
666 1616 762 1681 Quem
781 1612 855 1674 dicit
867 1631 932 1673 ease
946 1608 1128 1671 trocheicum
1141 1609 1367 1670 catalecticum:

314 1732 381 1773 cum
398 1714 435 1774 ait
451 1715 566 1796 integer
585 1704 745 1798 quadratur
760 1716 916 1797 jambicue,
937 1713 1091 1795 nequead
1108 1715 1286 1775 trocheicum
1305 1724 1366 1774 tor·

314 1817 396 1897 queri
409 1820 510 1899 possit
553 1820 636 1884 Sicut
650 1835 680 1884 et
693 1824 907 1904 praecedentem
919 1820 1019 1880 illum:
1030 1818 1113 1900 sorte
1131 1820 1169 1878 erl
1181 1840 1230 1879 nor
1242 1820 1364 1880 redierit.

273 1956 279 1969 ·
313 1926 369 1984 cire
383 1928 477 1986 amabo
494 1948 557 1987 aron
577 1931 615 1988 rit
624 1932 779 2009 jhmsaro
791 1931 872 1988 teias.
912 1926 991 1986 Nam
1003 1936 1036 1985 ut
1049 1926 1189 1986 eraderet
1201 1924 1362 2006 amphima-

312 2048 404 2102 crum,
425 2050 485 2090 non
499 2043 544 2092 eet
562 2034 671 2095 veritus
688 2034 804 2095 trahere
823 2032 869 2093 sui
888 2030 1030 2093 trochaici
1046 2032 1170 2092 mudum
1185 2028 1272 2092 etiam
1285 2032 1364 2091 ultra

313 2146 382 2196 octo
401 2138 510 2216 peden:
531 2138 587 2199 uisi
609 2150 737 2220 argutet,
758 2142 839 2213 edm,
863 2158 930 2200 eece
951 2138 1195 2219 monosyllabum,
1216 2139 1270 2199 ced
1294 2156 1381 2199 cum

312 2260 414 2302 omnes
426 2242 468 2301 illi
482 2244 540 2304 siut
550 2245 695 2325 quadrati,
716 2246 803 2307 etiem
815 2246 896 2307 hunc
906 2241 1067 2325 jembicum
1079 2244 1189 2318 malim,
1208 2244 1289 2304 nrrlla
1300 2242 1362 2304 tac·

311 2354 342 2405 ta
355 2344 385 2404 iu
398 2347 492 2426 prima
504 2368 578 2410 voce
592 2349 758 2411 collisione.¹
794 2351 857 2419 Quo
874 2352 919 2410 illc
932 2352 1007 2410 chire
1023 2352 1137 2429 ignavos
1146 2348 1233 2427 partit
1246 2349 1378 2427 longios,-

310 2452 365 2511 m'n'
374 2454 400 2511 ri
409 2454 522 2513 domam.
562 2454 600 2514 In
612 2450 736 2536 prologo
751 2468 850 2517 eutem
861 2455 989 2527 Andriae,
1011 2474 1163 2515 eoversu:
1182 2474 1245 2513 nora
1255 2454 1286 2513 ia
1294 2473 1380 2531 pro·-

310 2561 381 2640 logir
394 2562 543 2621 scribundis
553 2557 661 2639 operam
674 2565 815 2625 aluntur:
835 2584 903 2625 cum
911 2566 1023 2626 diceret
1031 2565 1112 2625 rocio
1121 2564 1217 2641 hujus,
1228 2563 1360 2642 prologis,

309 2667 430 2749 primam
444 2668 584 2749 syllabam
596 2690 662 2731 esee
677 2692 695 2733 e
707 2671 849 2755 Terentio
862 2671 1043 2752 productam,
1063 2669 1177 2729 addidit
1190 2687 1260 2729 eane
1272 2666 1362 2727 ratio·

307 2793 377 2834 nem
386 2774 538 2836 frivolam:
551 2773 670 2849 Latina,
684 2774 786 2856 inquit,
802 2774 1032 2836 consuetudine:
1046 2763 1149 2855 quibus
1162 2793 1225 2834 moa
1238 2783 1284 2835 eet
1294 2790 1360 2833 eam
1374 2807 1378 2815 ·

306 2881 544 2961 praepositionem
555 2881 726 2960 productam
738 2881 859 2941 habere.
900 2881 978 2941 Nam
999 2881 1029 2940 in
1050 2881 1164 2942 Latinio
1177 2880 1273 2941 verblr
1290 2899 1359 2960 pro-

308 2985 426 3057 ducant,
451 2985 482 3044 in
501 2985 617 3045 Groecir
635 2993 732 3045 autem
750 2985 927 3062 abstineant,
946 2985 1000 3047 nini
1013 2987 1070 3046 alia
1088 2986 1131 3046 via
1149 2985 1260 3046 nubsit:
1281 2984 1358 3044 sicut

307 3089 337 3149 in
352 3089 407 3149 hac
420 3109 504 3162 voce,
525 3089 576 3150 ubi
589 3089 700 3170 liquida
712 3089 762 3150 ille
772 3091 946 3170 geminatur,
967 3091 1045 3153 sicut
1053 3091 1083 3152 in
1095 3089 1358 3151 Heanmntimoru·

307 3214 376 3255 mo:
398 3205 531 3255 oratorem
548 3198 634 3256 uoluit
648 3215 705 3256 erre
719 3217 770 3269 me,
787 3217 840 3257 non
853 3199 1026 3278 prollogum:
1047 3207 1079 3258 et
1092 3217 1129 3258 ex
1142 3197 1266 3276 prologo
1279 3195 1358 3255 Tru·

306 3301 434 3362 culeuti:
455 3303 503 3360 red
518 3303 656 3380 relliqaom
679 3279 727 3361 <lot
745 3321 863 3380 opereat,
882 3323 916 3361 ne
938 3303 976 3362 rit
996 3303 1134 3381 reliquom-
1174 3301 1216 3361 Et
1234 3301 1303 3361 illo:
1323 3311 1357 3360 et

302 3417 480 3485 penetratus
498 3411 593 3487 ecquid
610 3412 667 3486 apel
688 3409 726 3468 rit
744 3402 884 3488 reliquum.
925 3410 1004 3470 Nem
1023 3411 1078 3471 niti
1095 3410 1154 3471 hoc
1166 3410 1243 3470 soliti
1255 3419 1356 3471 essent

305 3511 416 3586 fecere,
437 3513 517 3572 mille
531 3513 596 3574 aliee
610 3489 665 3574 'viae
680 3525 763 3575 crant
777 3515 816 3575 etl
828 3516 933 3577 endem
947 3535 1025 3596 pene
1038 3517 1129 3576 verba
1138 3534 1225 3578 versu
1237 3515 1355 3576 conclu-

305 3617 414 3692 denda,
436 3630 469 3678 ut
487 3638 550 3679 rem
563 3639 668 3680 novam
682 3620 811 3682 evitaret
854 3624 965 3683 Verum
983 3643 1060 3684 nova
1075 3643 1260 3704 nequaquam
1273 3634 1356 3684 erat:

303 3723 359 3784 aed
372 3725 409 3784 eb
425 3724 558 3785 Homero
572 3745 680 3806 usque:
695 3747 763 3787 nam
777 3729 806 3788 in
819 3727 934 3810 hymnis
944 3735 1042 3810 μέλος,
1053 3729 1083 3788 in
1093 3727 1185 3789 Iliade
1198 3731 1299 3810 χόρια,
1310 3737 1354 3788 at-
1369 3742 1374 3750 ·

304 3849 361 3910 que
379 3829 437 3890 alie
455 3829 602 3910 produxit.
644 3831 798 3913 Etiamque
812 3853 893 3895 nunc
906 3835 1007 3894 multae
1020 3835 1154 3896 nationes
1167 3835 1243 3895 adeo
1256 3853 1353 3895 craece

304 3953 369 3994 enm
388 3935 502 3995 literam
514 3936 714 4016 pronuntient,
728 3947 769 3998 ut
788 3939 865 4000 intua
887 3959 951 4000 eme
974 3940 1113 4021 aspiratio
1124 3940 1268 4012 videatur,
1291 3941 1352 4000 Ge-

302 4039 370 4114 bnli,
390 4041 522 4117 Arverni,
544 4041 654 4117 Graeci,
676 4043 828 4124 Germani,
852 4045 990 4126 Ligures,
1020 4045 1150 4107 Taurini.
1205 4047 1352 4108 Ceterum

303 4143 392 4203 etiem
411 4145 468 4206 elia
484 4147 559 4208 ratio
579 4158 634 4221 est,
655 4159 689 4208 ut
707 4159 738 4210 et
756 4169 858 4212 versun
869 4152 919 4212 ille
932 4152 1047 4233 prologi
1062 4163 1187 4227 constet,
1206 4172 1304 4234 neque
1316 4154 1352 4212 li·

301 4249 391 4329 quida
403 4252 575 4330 geminetur.
598 4255 677 4317 Sene
689 4255 714 4316 si
728 4275 791 4316 eam
805 4275 910 4318 vocem
924 4277 990 4339 quoe
1000 4258 1030 4317 in
1042 4276 1079 4318 eo
1091 4277 1178 4318 versu
1190 4258 1284 4338 prima
1296 4269 1351 4330 eet,

301 4373 359 4414 non
378 4357 517 4418 collides:
538 4361 618 4440 quod
632 4381 711 4443 repe
722 4361 789 4423 elibi
808 4362 883 4423 etin
897 4382 942 4437 ee,
957 4373 988 4424 et
1001 4363 1031 4423 in
1043 4363 1108 4423 aliia
1120 4363 1283 4424 factitatum
1296 4373 1351 4424 eet.

301 4459 376 4520 sicut
394 4460 422 4520 in
438 4462 599 4524 Eunucho:
621 4487 675 4527 ann
688 4469 728 4527 ire
740 4487 800 4527 cum
818 4471 906 4529 amica
918 4471 1105 4547 imperatorem
1117 4471 1147 4528 ie
1160 4471 1214 4529 oio.
1256 4469 1292 4529 In
1305 4488 1350 4529 ce·

302 4565 399 4630 cunda
411 4569 488 4631 enim
501 4571 573 4633 cede
588 4571 724 4655 dactylus
736 4587 792 4650 ert,
813 4595 910 4660 neque
922 4575 1092 4660 praepositio
1106 4575 1261 4638 colliditur.
1302 4577 1350 4642 lu
