<?xml version="1.0" encoding="UTF-8"?>
<!DOCTYPE html PUBLIC "-//W3C//DTD XHTML 1.0 Transitional//EN"
    "http://www.w3.org/TR/xhtml1/DTD/xhtml1-transitional.dtd">
<html xmlns="http://www.w3.org/1999/xhtml" xml:lang="en" lang="en">
 <head>
  <title>
</title>
<meta http-equiv="Content-Type" content="text/html;charset=utf-8" />
  <meta name='ocr-system' content='tesseract 3.04.00' />
  <meta name='ocr-capabilities' content='ocr_page ocr_carea ocr_par ocr_line ocrx_word'/>
</head>
<body>
  <div class='ocr_page' id='page_1' title='image "./pterentiicartha01ruhngoog/pterentiicartha01ruhngoog_0074.png"; bbox 0 0 3292 5575; ppageno 0'>
   <div class='ocr_carea' id='block_1_1' title="bbox 353 700 1181 765">
    <p class='ocr_par' dir='ltr' id='par_1_1' title="bbox 353 700 1181 765">
     <span class='ocr_line' id='line_1_1' title="bbox 353 700 1181 765; baseline 0.002 -6"><span class='ocrx_word' id='word_1_1' title='bbox 353 700 434 761; x_wconf 75' lang='lat' dir='ltr'>lxiv*</span> <span class='ocrx_word' id='word_1_2' title='bbox 546 702 827 765; x_wconf 81' lang='lat' dir='ltr'>JOACHIMUS</span> <span class='ocrx_word' id='word_1_3' title='bbox 859 701 1181 765; x_wconf 72' lang='lat' dir='ltr'>cluanuama</span> 
     </span>
    </p>
   </div>
   <div class='ocr_carea' id='block_1_2' title="bbox 356 877 1390 1478">
    <p class='ocr_par' dir='ltr' id='par_1_2' title="bbox 357 877 1268 960">
     <span class='ocr_line' id='line_1_2' title="bbox 357 877 1268 960; baseline 0.002 -21"><span class='ocrx_word' id='word_1_4' title='bbox 357 877 510 959; x_wconf 90' lang='lat' dir='ltr'>Spondeus</span> <span class='ocrx_word' id='word_1_5' title='bbox 520 880 609 940; x_wconf 85' lang='lat' dir='ltr'>babet</span> <span class='ocrx_word' id='word_1_6' title='bbox 622 881 693 941; x_wconf 87' lang='lat' dir='ltr'>duas</span> <span class='ocrx_word' id='word_1_7' title='bbox 706 882 824 960; x_wconf 83' lang='lat' dir='ltr'>longas:</span> <span class='ocrx_word' id='word_1_8' title='bbox 840 885 922 955; x_wconf 79' lang='lat' dir='ltr'>ecles,</span> <span class='ocrx_word' id='word_1_9' title='bbox 936 904 1054 955; x_wconf 79' lang='lat' dir='ltr'><em>concors,</em></span> <span class='ocrx_word' id='word_1_10' title='bbox 1069 903 1167 942; x_wconf 70' lang='lat' dir='ltr'>omem,</span> <span class='ocrx_word' id='word_1_11' title='bbox 1248 878 1268 900; x_wconf 81' lang='lat'>&#39;&#39;</span> 
     </span>
    </p>

    <p class='ocr_par' dir='ltr' id='par_1_3' title="bbox 357 982 1295 1063">
     <span class='ocr_line' id='line_1_3' title="bbox 357 982 1295 1063; baseline 0.001 -20"><span class='ocrx_word' id='word_1_12' title='bbox 357 982 533 1063; x_wconf 87' lang='lat' dir='ltr'>Tribrachys</span> <span class='ocrx_word' id='word_1_13' title='bbox 543 985 632 1044; x_wconf 90' lang='lat' dir='ltr'>tribus</span> <span class='ocrx_word' id='word_1_14' title='bbox 641 986 776 1045; x_wconf 87' lang='lat' dir='ltr'>brevibus</span> <span class='ocrx_word' id='word_1_15' title='bbox 791 997 926 1046; x_wconf 84' lang='lat' dir='ltr'>constat:</span> <span class='ocrx_word' id='word_1_16' title='bbox 946 988 1057 1059; x_wconf 86' lang='lat' dir='ltr'>domim,</span> <span class='ocrx_word' id='word_1_17' title='bbox 1071 1007 1175 1058; x_wconf 76' lang='lat' dir='ltr'>comme,</span> <span class='ocrx_word' id='word_1_18' title='bbox 1189 988 1295 1045; x_wconf 76' lang='lat' dir='ltr'>mirera.</span> 
     </span>
    </p>

    <p class='ocr_par' dir='ltr' id='par_1_4' title="bbox 356 1089 1390 1277">
     <span class='ocr_line' id='line_1_4' title="bbox 356 1089 1390 1171; baseline -0.003 -21"><span class='ocrx_word' id='word_1_19' title='bbox 356 1089 537 1169; x_wconf 83' lang='lat' dir='ltr'>Anapoestus,</span> <span class='ocrx_word' id='word_1_20' title='bbox 552 1089 663 1148; x_wconf 87' lang='lat' dir='ltr'>duabus</span> <span class='ocrx_word' id='word_1_21' title='bbox 677 1090 775 1169; x_wconf 88' lang='lat' dir='ltr'>primis</span> <span class='ocrx_word' id='word_1_22' title='bbox 788 1091 932 1165; x_wconf 85' lang='lat' dir='ltr'>brevibus,</span> <span class='ocrx_word' id='word_1_23' title='bbox 952 1100 1098 1171; x_wconf 82' lang='lat' dir='ltr'>postrema</span> <span class='ocrx_word' id='word_1_24' title='bbox 1111 1091 1216 1169; x_wconf 84' lang='lat' dir='ltr'>longa:</span> <span class='ocrx_word' id='word_1_25' title='bbox 1236 1091 1332 1161; x_wconf 82' lang='lat' dir='ltr'>silices,</span> <span class='ocrx_word' id='word_1_26' title='bbox 1344 1110 1390 1147; x_wconf 86' lang='lat' dir='ltr'>rn-</span> 
     </span>
     <span class='ocr_line' id='line_1_5' title="bbox 477 1198 664 1277; baseline 0.005 -23"><span class='ocrx_word' id='word_1_27' title='bbox 477 1198 539 1277; x_wconf 81' lang='lat' dir='ltr'>br&#39;cs,</span> <span class='ocrx_word' id='word_1_28' title='bbox 549 1198 664 1273; x_wconf 76' lang='lat' dir='ltr'>potiano.</span> 
     </span>
    </p>

    <p class='ocr_par' dir='ltr' id='par_1_5' title="bbox 356 1298 1388 1478">
     <span class='ocr_line' id='line_1_6' title="bbox 356 1298 1388 1381; baseline -0.003 -22"><span class='ocrx_word' id='word_1_29' title='bbox 356 1300 510 1381; x_wconf 88' lang='lat' dir='ltr'>Dactylus,</span> <span class='ocrx_word' id='word_1_30' title='bbox 524 1300 617 1381; x_wconf 83' lang='lat' dir='ltr'>prima</span> <span class='ocrx_word' id='word_1_31' title='bbox 629 1300 725 1380; x_wconf 84' lang='lat' dir='ltr'>longa,</span> <span class='ocrx_word' id='word_1_32' title='bbox 739 1301 925 1380; x_wconf 70' lang='lat' dir='ltr'>sequentibus</span> <span class='ocrx_word' id='word_1_33' title='bbox 939 1298 1050 1359; x_wconf 84' lang='lat' dir='ltr'>duabus</span> <span class='ocrx_word' id='word_1_34' title='bbox 1062 1299 1213 1360; x_wconf 87' lang='lat' dir='ltr'>brevibus:</span> <span class='ocrx_word' id='word_1_35' title='bbox 1227 1300 1308 1358; x_wconf 84' lang='lat' dir='ltr'>litero</span> <span class='ocrx_word' id='word_1_36' title='bbox 1320 1299 1388 1357; x_wconf 82' lang='lat' dir='ltr'>rcri-</span> 
     </span>
     <span class='ocr_line' id='line_1_7' title="bbox 477 1407 665 1478; baseline 0.011 -15"><span class='ocrx_word' id='word_1_37' title='bbox 477 1408 544 1478; x_wconf 81' lang='lat' dir='ltr'>bere,</span> <span class='ocrx_word' id='word_1_38' title='bbox 554 1407 665 1465; x_wconf 83' lang='lat' dir='ltr'>musico.</span> 
     </span>
    </p>
   </div>
   <div class='ocr_carea' id='block_1_3' title="bbox 355 1545 1393 2144">
    <p class='ocr_par' dir='ltr' id='par_1_6' title="bbox 356 1545 1391 1627">
     <span class='ocr_line' id='line_1_8' title="bbox 356 1545 1391 1627; baseline -0.001 -23"><span class='ocrx_word' id='word_1_39' title='bbox 356 1547 393 1606; x_wconf 88' lang='lat' dir='ltr'>In</span> <span class='ocrx_word' id='word_1_40' title='bbox 406 1547 517 1608; x_wconf 86' lang='lat' dir='ltr'>Latinis</span> <span class='ocrx_word' id='word_1_41' title='bbox 532 1548 647 1607; x_wconf 89' lang='lat' dir='ltr'>comicis</span> <span class='ocrx_word' id='word_1_42' title='bbox 665 1548 720 1607; x_wconf 85' lang='lat' dir='ltr'>rari</span> <span class='ocrx_word' id='word_1_43' title='bbox 733 1548 824 1627; x_wconf 88' lang='lat' dir='ltr'>jambi</span> <span class='ocrx_word' id='word_1_44' title='bbox 847 1559 923 1619; x_wconf 89' lang='lat' dir='ltr'>sunt,</span> <span class='ocrx_word' id='word_1_45' title='bbox 945 1549 1033 1608; x_wconf 88' lang='lat' dir='ltr'>etiam</span> <span class='ocrx_word' id='word_1_46' title='bbox 1045 1548 1076 1606; x_wconf 92' lang='lat' dir='ltr'>in</span> <span class='ocrx_word' id='word_1_47' title='bbox 1094 1548 1240 1618; x_wconf 63' lang='lat' dir='ltr'>aimonis,</span> <span class='ocrx_word' id='word_1_48' title='bbox 1261 1545 1391 1625; x_wconf 87' lang='lat' dir='ltr'>quisunt</span> 
     </span>
    </p>

    <p class='ocr_par' dir='ltr' id='par_1_7' title="bbox 355 1650 1390 1733">
     <span class='ocr_line' id='line_1_9' title="bbox 355 1650 1390 1733; baseline -0.004 -21"><span class='ocrx_word' id='word_1_49' title='bbox 355 1653 490 1713; x_wconf 82' lang='lat' dir='ltr'>senarii..</span> <span class='ocrx_word' id='word_1_50' title='bbox 510 1655 545 1713; x_wconf 89' lang='lat' dir='ltr'>Io</span> <span class='ocrx_word' id='word_1_51' title='bbox 558 1654 674 1733; x_wconf 78' lang='lat' dir='ltr'>integro</span> <span class='ocrx_word' id='word_1_52' title='bbox 688 1664 784 1713; x_wconf 73' lang='lat' dir='ltr'>tarum</span> <span class='ocrx_word' id='word_1_53' title='bbox 799 1654 935 1729; x_wconf 89' lang='lat' dir='ltr'>jambico,</span> <span class='ocrx_word' id='word_1_54' title='bbox 957 1654 1017 1711; x_wconf 83' lang='lat' dir='ltr'>vult</span> <span class='ocrx_word' id='word_1_55' title='bbox 1042 1673 1106 1712; x_wconf 88' lang='lat' dir='ltr'>esse</span> <span class='ocrx_word' id='word_1_56' title='bbox 1129 1652 1246 1711; x_wconf 88' lang='lat' dir='ltr'>ultimus</span> <span class='ocrx_word' id='word_1_57' title='bbox 1265 1671 1318 1731; x_wconf 89' lang='lat' dir='ltr'>pes</span> <span class='ocrx_word' id='word_1_58' title='bbox 1331 1650 1390 1718; x_wconf 88' lang='lat' dir='ltr'>hic,</span> 
     </span>
    </p>

    <p class='ocr_par' dir='ltr' id='par_1_8' title="bbox 358 1736 1393 1840">
     <span class='ocr_line' id='line_1_10' title="bbox 358 1736 1393 1840; baseline -0.008 -21"><span class='ocrx_word' id='word_1_59' title='bbox 358 1769 410 1819; x_wconf 88' lang='lat' dir='ltr'>aut</span> <span class='ocrx_word' id='word_1_60' title='bbox 419 1736 539 1840; x_wconf 85' lang='lat' dir='ltr'>propter</span> <span class='ocrx_word' id='word_1_61' title='bbox 549 1760 657 1819; x_wconf 84' lang='lat' dir='ltr'>ultimoe</span> <span class='ocrx_word' id='word_1_62' title='bbox 671 1759 887 1818; x_wconf 81' lang='lat' dir='ltr'>indifferentiam</span> <span class='ocrx_word' id='word_1_63' title='bbox 902 1757 1079 1837; x_wconf 77' lang='lat' dir='ltr'>Pyrrichius,</span> <span class='ocrx_word' id='word_1_64' title='bbox 1093 1756 1174 1834; x_wconf 89' lang='lat' dir='ltr'>quasi</span> <span class='ocrx_word' id='word_1_65' title='bbox 1188 1756 1327 1815; x_wconf 84' lang='lat' dir='ltr'>definiens</span> <span class='ocrx_word' id='word_1_66' title='bbox 1339 1759 1393 1812; x_wconf 77' lang='lat' dir='ltr'>ab·</span> 
     </span>
    </p>

    <p class='ocr_par' dir='ltr' id='par_1_9' title="bbox 358 1859 1392 1941">
     <span class='ocr_line' id='line_1_11' title="bbox 358 1859 1392 1941; baseline -0.005 -20"><span class='ocrx_word' id='word_1_67' title='bbox 358 1882 455 1922; x_wconf 89' lang='lat' dir='ltr'>meros</span> <span class='ocrx_word' id='word_1_68' title='bbox 465 1883 501 1923; x_wconf 88' lang='lat' dir='ltr'>ac</span> <span class='ocrx_word' id='word_1_69' title='bbox 515 1884 639 1923; x_wconf 88' lang='lat' dir='ltr'>versum.</span> <span class='ocrx_word' id='word_1_70' title='bbox 682 1864 761 1923; x_wconf 86' lang='lat' dir='ltr'><strong>Sicut</strong></span> <span class='ocrx_word' id='word_1_71' title='bbox 771 1864 801 1921; x_wconf 90' lang='lat' dir='ltr'>in</span> <span class='ocrx_word' id='word_1_72' title='bbox 816 1861 969 1941; x_wconf 87' lang='lat' dir='ltr'>dactylico,</span> <span class='ocrx_word' id='word_1_73' title='bbox 985 1861 1100 1940; x_wconf 89' lang='lat' dir='ltr'>quintus</span> <span class='ocrx_word' id='word_1_74' title='bbox 1114 1859 1257 1941; x_wconf 86' lang='lat' dir='ltr'>dactylus.</span> <span class='ocrx_word' id='word_1_75' title='bbox 1277 1860 1392 1918; x_wconf 88' lang='lat' dir='ltr'>Horum</span> 
     </span>
    </p>

    <p class='ocr_par' dir='ltr' id='par_1_10' title="bbox 356 1966 1393 2144">
     <span class='ocr_line' id='line_1_12' title="bbox 356 1966 1393 2047; baseline -0.003 -23"><span class='ocrx_word' id='word_1_76' title='bbox 356 1967 424 2027; x_wconf 91' lang='lat' dir='ltr'>loco</span> <span class='ocrx_word' id='word_1_77' title='bbox 438 1986 504 2027; x_wconf 90' lang='lat' dir='ltr'>cum</span> <span class='ocrx_word' id='word_1_78' title='bbox 516 1969 664 2047; x_wconf 88' lang='lat' dir='ltr'>spondeus</span> <span class='ocrx_word' id='word_1_79' title='bbox 678 1968 803 2047; x_wconf 89' lang='lat' dir='ltr'>ponitur,</span> <span class='ocrx_word' id='word_1_80' title='bbox 819 1967 838 2024; x_wconf 91' lang='lat' dir='ltr'>ii</span> <span class='ocrx_word' id='word_1_81' title='bbox 852 1985 950 2025; x_wconf 86' lang='lat' dir='ltr'>versus</span> <span class='ocrx_word' id='word_1_82' title='bbox 963 1977 1025 2024; x_wconf 87' lang='lat' dir='ltr'>tum</span> <span class='ocrx_word' id='word_1_83' title='bbox 1039 1966 1250 2034; x_wconf 75' lang='grc' dir='ltr'>σπονδαῒζοντες</span> <span class='ocrx_word' id='word_1_84' title='bbox 1264 1977 1294 2023; x_wconf 86' lang='lat' dir='ltr'>et</span> <span class='ocrx_word' id='word_1_85' title='bbox 1308 1988 1393 2023; x_wconf 79' lang='grc' dir='ltr'>σπον·</span> 
     </span>
     <span class='ocr_line' id='line_1_13' title="bbox 357 2056 648 2144; baseline -0.003 -14"><span class='ocrx_word' id='word_1_86' title='bbox 357 2070 445 2131; x_wconf 71' lang='lat' dir='ltr'>introi</span> <span class='ocrx_word' id='word_1_87' title='bbox 458 2071 601 2144; x_wconf 87' lang='lat' dir='ltr'>dicuutur,</span> <span class='ocrx_word' id='word_1_88' title='bbox 616 2056 648 2130; x_wconf 75' lang='lat' dir='ltr'>ut</span> 
     </span>
    </p>
   </div>
   <div class='ocr_carea' id='block_1_4' title="bbox 556 2203 1162 2405">
    <p class='ocr_par' dir='ltr' id='par_1_11' title="bbox 556 2203 1162 2405">
     <span class='ocr_line' id='line_1_14' title="bbox 557 2203 1162 2303; baseline -0.003 -20"><span class='ocrx_word' id='word_1_89' title='bbox 557 2203 749 2303; x_wconf 55' lang='lat' dir='ltr'>drmotnmque</span> <span class='ocrx_word' id='word_1_90' title='bbox 765 2246 832 2284; x_wconf 85' lang='lat' dir='ltr'>auro</span> <span class='ocrx_word' id='word_1_91' title='bbox 850 2225 1030 2300; x_wconf 77' lang='lat' dir='ltr'>circumspicit</span> <span class='ocrx_word' id='word_1_92' title='bbox 1051 2224 1162 2283; x_wconf 79' lang='lat' dir='ltr'><strong><em>Oriona.</em></strong></span> 
     </span>
     <span class='ocr_line' id='line_1_15' title="bbox 556 2328 1114 2405; baseline 0.002 -18"><span class='ocrx_word' id='word_1_93' title='bbox 556 2328 737 2405; x_wconf 77' lang='lat' dir='ltr'>Apollinarem</span> <span class='ocrx_word' id='word_1_94' title='bbox 755 2330 863 2388; x_wconf 71' lang='lat' dir='ltr'>convcrri</span> <span class='ocrx_word' id='word_1_95' title='bbox 881 2350 965 2387; x_wconf 82' lang='lat' dir='ltr'>meam</span> <span class='ocrx_word' id='word_1_96' title='bbox 984 2349 1088 2389; x_wconf 81' lang='lat' dir='ltr'>scazon.</span> <span class='ocrx_word' id='word_1_97' title='bbox 1110 2335 1114 2343; x_wconf 84' lang='lat'>&#39;</span> 
     </span>
    </p>
   </div>
   <div class='ocr_carea' id='block_1_5' title="bbox 357 2480 1394 3194">
    <p class='ocr_par' dir='ltr' id='par_1_12' title="bbox 357 2480 1394 3194">
     <span class='ocr_line' id='line_1_16' title="bbox 358 2480 1393 2562; baseline -0.001 -21"><span class='ocrx_word' id='word_1_98' title='bbox 358 2480 530 2541; x_wconf 84' lang='lat' dir='ltr'>Claudioare</span> <span class='ocrx_word' id='word_1_99' title='bbox 544 2482 620 2541; x_wconf 89' lang='lat' dir='ltr'>enim</span> <span class='ocrx_word' id='word_1_100' title='bbox 632 2482 663 2541; x_wconf 90' lang='lat' dir='ltr'>hi</span> <span class='ocrx_word' id='word_1_101' title='bbox 676 2502 774 2542; x_wconf 83' lang='lat' dir='ltr'>versus</span> <span class='ocrx_word' id='word_1_102' title='bbox 787 2493 932 2562; x_wconf 83' lang='lat' dir='ltr'>putantur,</span> <span class='ocrx_word' id='word_1_103' title='bbox 952 2494 982 2541; x_wconf 90' lang='lat' dir='ltr'>et</span> <span class='ocrx_word' id='word_1_104' title='bbox 997 2484 1142 2553; x_wconf 73' lang='grc' dir='ltr'><em>σκάζοντες</em></span> <span class='ocrx_word' id='word_1_105' title='bbox 1155 2481 1347 2552; x_wconf 79' lang='lat' dir='ltr'>nominantur,</span> <span class='ocrx_word' id='word_1_106' title='bbox 1362 2491 1393 2540; x_wconf 89' lang='lat' dir='ltr'>et</span> 
     </span>
     <span class='ocr_line' id='line_1_17' title="bbox 357 2584 1394 2666; baseline -0.001 -22"><span class='ocrx_word' id='word_1_107' title='bbox 357 2584 531 2666; x_wconf 74' lang='grc' dir='ltr'>χωλιαμβοί.</span> <span class='ocrx_word' id='word_1_108' title='bbox 553 2587 663 2647; x_wconf 87' lang='lat' dir='ltr'><strong>Comici</strong></span> <span class='ocrx_word' id='word_1_109' title='bbox 672 2597 778 2660; x_wconf 84' lang='lat' dir='ltr'>autem,</span> <span class='ocrx_word' id='word_1_110' title='bbox 793 2599 826 2646; x_wconf 90' lang='lat' dir='ltr'>ut</span> <span class='ocrx_word' id='word_1_111' title='bbox 839 2589 910 2659; x_wconf 85' lang='lat' dir='ltr'><strong>dixi,</strong></span> <span class='ocrx_word' id='word_1_112' title='bbox 920 2608 1057 2648; x_wconf 87' lang='lat' dir='ltr'>numerus</span> <span class='ocrx_word' id='word_1_113' title='bbox 1070 2588 1138 2647; x_wconf 91' lang='lat' dir='ltr'>ideo</span> <span class='ocrx_word' id='word_1_114' title='bbox 1150 2587 1245 2645; x_wconf 86' lang='lat' dir='ltr'>minos</span> <span class='ocrx_word' id='word_1_115' title='bbox 1256 2586 1394 2645; x_wconf 83' lang='lat' dir='ltr'>distinxe-</span> 
     </span>
     <span class='ocr_line' id='line_1_18' title="bbox 357 2690 1393 2771; baseline -0.001 -22"><span class='ocrx_word' id='word_1_116' title='bbox 357 2701 434 2762; x_wconf 89' lang='lat' dir='ltr'>runt,</span> <span class='ocrx_word' id='word_1_117' title='bbox 449 2702 483 2749; x_wconf 86' lang='lat' dir='ltr'>nt</span> <span class='ocrx_word' id='word_1_118' title='bbox 494 2690 650 2751; x_wconf 81' lang='lat' dir='ltr'><strong>similitudo</strong></span> <span class='ocrx_word' id='word_1_119' title='bbox 660 2692 800 2753; x_wconf 88' lang='lat' dir='ltr'>sermonis</span> <span class='ocrx_word' id='word_1_120' title='bbox 815 2694 975 2753; x_wconf 88' lang='lat' dir='ltr'>communis</span> <span class='ocrx_word' id='word_1_121' title='bbox 989 2694 1192 2753; x_wconf 84' lang='lat' dir='ltr'>custodiretur.</span> <span class='ocrx_word' id='word_1_122' title='bbox 1225 2691 1330 2771; x_wconf 89' lang='lat' dir='ltr'>Itaque</span> <span class='ocrx_word' id='word_1_123' title='bbox 1346 2690 1393 2749; x_wconf 91' lang='lat' dir='ltr'>Ci-</span> 
     </span>
     <span class='ocr_line' id='line_1_19' title="bbox 358 2797 1391 2873; baseline -0.006 -16"><span class='ocrx_word' id='word_1_124' title='bbox 358 2815 429 2857; x_wconf 87' lang='lat' dir='ltr'>cero</span> <span class='ocrx_word' id='word_1_125' title='bbox 442 2797 472 2856; x_wconf 90' lang='lat' dir='ltr'>iu</span> <span class='ocrx_word' id='word_1_126' title='bbox 490 2797 606 2857; x_wconf 81' lang='lat' dir='ltr'>Oratore</span> <span class='ocrx_word' id='word_1_127' title='bbox 615 2798 657 2858; x_wconf 85' lang='lat' dir='ltr'>sic</span> <span class='ocrx_word' id='word_1_128' title='bbox 673 2798 730 2857; x_wconf 87' lang='lat' dir='ltr'>ait:</span> <span class='ocrx_word' id='word_1_129' title='bbox 745 2809 776 2856; x_wconf 84' lang='lat' dir='ltr'>ot</span> <span class='ocrx_word' id='word_1_130' title='bbox 793 2801 949 2857; x_wconf 73' lang='lat' dir='ltr'>comicorum</span> <span class='ocrx_word' id='word_1_131' title='bbox 961 2799 1061 2858; x_wconf 68' lang='lat' dir='ltr'>samm</span> <span class='ocrx_word' id='word_1_132' title='bbox 1075 2806 1188 2873; x_wconf 84' lang='lat' dir='ltr'>propter</span> <span class='ocrx_word' id='word_1_133' title='bbox 1198 2797 1391 2854; x_wconf 75' lang='lat' dir='ltr'>similitudmem</span> 
     </span>
     <span class='ocr_line' id='line_1_20' title="bbox 358 2901 1393 2979; baseline -0.002 -21"><span class='ocrx_word' id='word_1_134' title='bbox 358 2904 495 2972; x_wconf 77' lang='lat' dir='ltr'>sermonis,</span> <span class='ocrx_word' id='word_1_135' title='bbox 513 2903 553 2960; x_wconf 84' lang='lat' dir='ltr'>sic</span> <span class='ocrx_word' id='word_1_136' title='bbox 564 2921 632 2976; x_wconf 78' lang='lat' dir='ltr'>sape</span> <span class='ocrx_word' id='word_1_137' title='bbox 645 2912 708 2960; x_wconf 79' lang='lat' dir='ltr'>mat</span> <span class='ocrx_word' id='word_1_138' title='bbox 725 2903 833 2978; x_wconf 69' lang='lat' dir='ltr'>adjecti,</span> <span class='ocrx_word' id='word_1_139' title='bbox 847 2912 879 2968; x_wconf 78' lang='lat' dir='ltr'>at</span> <span class='ocrx_word' id='word_1_140' title='bbox 889 2922 1074 2979; x_wconf 82' lang='lat' dir='ltr'>moounqaom</span> <span class='ocrx_word' id='word_1_141' title='bbox 1083 2902 1130 2958; x_wconf 82' lang='lat' dir='ltr'>cin</span> <span class='ocrx_word' id='word_1_142' title='bbox 1139 2901 1168 2958; x_wconf 81' lang='lat' dir='ltr'>im</span> <span class='ocrx_word' id='word_1_143' title='bbox 1178 2901 1219 2958; x_wconf 81' lang='lat' dir='ltr'>lis</span> <span class='ocrx_word' id='word_1_144' title='bbox 1229 2919 1352 2958; x_wconf 68' lang='lat' dir='ltr'>cromerus</span> <span class='ocrx_word' id='word_1_145' title='bbox 1365 2908 1393 2956; x_wconf 84' lang='lat' dir='ltr'>et</span> 
     </span>
     <span class='ocr_line' id='line_1_21' title="bbox 358 3004 1392 3087; baseline -0.004 -22"><span class='ocrx_word' id='word_1_146' title='bbox 358 3025 450 3066; x_wconf 77' lang='lat' dir='ltr'>oerum</span> <span class='ocrx_word' id='word_1_147' title='bbox 458 3009 573 3087; x_wconf 81' lang='lat' dir='ltr'>intelligi</span> <span class='ocrx_word' id='word_1_148' title='bbox 577 3011 673 3086; x_wconf 82' lang='lat' dir='ltr'>possit.</span> <span class='ocrx_word' id='word_1_149' title='bbox 694 3010 771 3070; x_wconf 85' lang='lat' dir='ltr'>Haec</span> <span class='ocrx_word' id='word_1_150' title='bbox 786 3010 916 3070; x_wconf 72' lang='lat' dir='ltr'>confinio</span> <span class='ocrx_word' id='word_1_151' title='bbox 927 3028 992 3068; x_wconf 89' lang='lat' dir='ltr'>cum</span> <span class='ocrx_word' id='word_1_152' title='bbox 1011 3019 1057 3066; x_wconf 87' lang='lat' dir='ltr'>est</span> <span class='ocrx_word' id='word_1_153' title='bbox 1069 3005 1201 3076; x_wconf 80' lang='lat' dir='ltr'>maxima,</span> <span class='ocrx_word' id='word_1_154' title='bbox 1216 3015 1278 3063; x_wconf 89' lang='lat' dir='ltr'>tum</span> <span class='ocrx_word' id='word_1_155' title='bbox 1291 3004 1392 3064; x_wconf 87' lang='lat' dir='ltr'>carmi·</span> 
     </span>
     <span class='ocr_line' id='line_1_22' title="bbox 359 3111 1332 3194; baseline -0.003 -23"><span class='ocrx_word' id='word_1_156' title='bbox 359 3130 399 3171; x_wconf 77' lang='lat' dir='ltr'>na</span> <span class='ocrx_word' id='word_1_157' title='bbox 409 3123 551 3172; x_wconf 78' lang='lat' dir='ltr'>vocantur</span> <span class='ocrx_word' id='word_1_158' title='bbox 565 3115 786 3194; x_wconf 71' lang='grc' dir='ltr'>ἂπεμφαίνοντα,</span> <span class='ocrx_word' id='word_1_159' title='bbox 801 3114 896 3186; x_wconf 82' lang='lat' dir='ltr'>idest,</span> <span class='ocrx_word' id='word_1_160' title='bbox 908 3112 1096 3193; x_wconf 61' lang='lat' dir='ltr'>immanifesta,</span> <span class='ocrx_word' id='word_1_161' title='bbox 1116 3121 1147 3170; x_wconf 81' lang='lat' dir='ltr'>et</span> <span class='ocrx_word' id='word_1_162' title='bbox 1159 3111 1332 3190; x_wconf 72' lang='grc' dir='ltr'>ἀνάρμοστα,</span> 
     </span>
    </p>
   </div>
   <div class='ocr_carea' id='block_1_6' title="bbox 527 3267 1211 3342">
    <p class='ocr_par' dir='ltr' id='par_1_13' title="bbox 527 3267 1211 3342">
     <span class='ocr_line' id='line_1_23' title="bbox 527 3267 1211 3342; baseline -0.006 -14"><span class='ocrx_word' id='word_1_163' title='bbox 527 3269 660 3342; x_wconf 70' lang='lat' dir='ltr'>Exclusit,</span> <span class='ocrx_word' id='word_1_164' title='bbox 671 3280 788 3342; x_wconf 76' lang='lat' dir='ltr'>revocat,</span> <span class='ocrx_word' id='word_1_165' title='bbox 799 3272 923 3329; x_wconf 71' lang='lat' dir='ltr'>redemta?</span> <span class='ocrx_word' id='word_1_166' title='bbox 936 3288 988 3326; x_wconf 82' lang='lat' dir='ltr'>mom</span> <span class='ocrx_word' id='word_1_167' title='bbox 998 3267 1023 3325; x_wconf 81' lang='lat' dir='ltr'>si</span> <span class='ocrx_word' id='word_1_168' title='bbox 1035 3287 1076 3324; x_wconf 83' lang='lat' dir='ltr'>mc</span> <span class='ocrx_word' id='word_1_169' title='bbox 1085 3269 1211 3325; x_wconf 85' lang='lat' dir='ltr'>obsecret.</span> 
     </span>
    </p>
   </div>
   <div class='ocr_carea' id='block_1_7' title="bbox 358 3419 1391 3503">
    <p class='ocr_par' dir='ltr' id='par_1_14' title="bbox 358 3419 1391 3503">
     <span class='ocr_line' id='line_1_24' title="bbox 358 3419 1391 3503; baseline -0.001 -23"><span class='ocrx_word' id='word_1_170' title='bbox 358 3419 416 3488; x_wconf 83' lang='lat' dir='ltr'>Qui</span> <span class='ocrx_word' id='word_1_171' title='bbox 430 3440 540 3495; x_wconf 82' lang='lat' dir='ltr'>versus,</span> <span class='ocrx_word' id='word_1_172' title='bbox 551 3423 576 3482; x_wconf 89' lang='lat' dir='ltr'>si</span> <span class='ocrx_word' id='word_1_173' title='bbox 589 3424 735 3503; x_wconf 82' lang='lat' dir='ltr'>producas</span> <span class='ocrx_word' id='word_1_174' title='bbox 748 3424 943 3503; x_wconf 83' lang='lat' dir='ltr'>penultimam,</span> <span class='ocrx_word' id='word_1_175' title='bbox 961 3422 1015 3482; x_wconf 88' lang='lat' dir='ltr'>erit</span> <span class='ocrx_word' id='word_1_176' title='bbox 1029 3419 1190 3500; x_wconf 83' lang='lat' dir='ltr'>dactylicus</span> <span class='ocrx_word' id='word_1_177' title='bbox 1205 3419 1391 3489; x_wconf 71' lang='grc' dir='ltr'><strong><em>σπονδυΐζων.</em></strong></span> 
     </span>
    </p>
   </div>
   <div class='ocr_carea' id='block_1_8' title="bbox 543 3565 1174 3648">
    <p class='ocr_par' dir='ltr' id='par_1_15' title="bbox 543 3565 1174 3648">
     <span class='ocr_line' id='line_1_25' title="bbox 543 3565 1174 3648; baseline -0.005 -23"><span class='ocrx_word' id='word_1_178' title='bbox 543 3567 609 3626; x_wconf 80' lang='lat' dir='ltr'>Trea</span> <span class='ocrx_word' id='word_1_179' title='bbox 623 3588 701 3626; x_wconf 83' lang='lat' dir='ltr'>umam</span> <span class='ocrx_word' id='word_1_180' title='bbox 711 3577 823 3648; x_wconf 82' lang='lat' dir='ltr'>pereunt</span> <span class='ocrx_word' id='word_1_181' title='bbox 833 3569 1008 3626; x_wconf 72' lang='lat' dir='ltr'>adolescentes</span> <span class='ocrx_word' id='word_1_182' title='bbox 1022 3565 1174 3623; x_wconf 80' lang='lat' dir='ltr'>mulierem:</span> 
     </span>
    </p>
   </div>
   <div class='ocr_carea' id='block_1_9' title="bbox 355 3692 1459 4332">
    <p class='ocr_par' dir='ltr' id='par_1_16' title="bbox 357 3692 1459 4223">
     <span class='ocr_line' id='line_1_26' title="bbox 359 3692 1393 3803; baseline -0.005 -22"><span class='ocrx_word' id='word_1_183' title='bbox 359 3721 453 3784; x_wconf 82' lang='lat' dir='ltr'>Totus</span> <span class='ocrx_word' id='word_1_184' title='bbox 473 3722 643 3803; x_wconf 79' lang='lat' dir='ltr'>dactylicus,</span> <span class='ocrx_word' id='word_1_185' title='bbox 662 3734 769 3802; x_wconf 75' lang='lat' dir='ltr'>praeter</span> <span class='ocrx_word' id='word_1_186' title='bbox 782 3692 913 3782; x_wconf 79' lang='lat' dir='ltr'>ultimnni</span> <span class='ocrx_word' id='word_1_187' title='bbox 934 3721 1074 3798; x_wconf 78' lang='lat' dir='ltr'>jacobum.</span> <span class='ocrx_word' id='word_1_188' title='bbox 1117 3719 1185 3778; x_wconf 88' lang='lat' dir='ltr'>Hoc</span> <span class='ocrx_word' id='word_1_189' title='bbox 1209 3737 1299 3796; x_wconf 84' lang='lat' dir='ltr'>genos</span> <span class='ocrx_word' id='word_1_190' title='bbox 1314 3728 1344 3776; x_wconf 87' lang='lat' dir='ltr'>et</span> <span class='ocrx_word' id='word_1_191' title='bbox 1356 3718 1393 3776; x_wconf 90' lang='lat' dir='ltr'>ad</span> 
     </span>
     <span class='ocr_line' id='line_1_27' title="bbox 358 3822 1391 3906; baseline -0.006 -19"><span class='ocrx_word' id='word_1_192' title='bbox 358 3827 521 3888; x_wconf 84' lang='lat' dir='ltr'>octonarios</span> <span class='ocrx_word' id='word_1_193' title='bbox 534 3827 702 3906; x_wconf 87' lang='lat' dir='ltr'>producitur</span> <span class='ocrx_word' id='word_1_194' title='bbox 715 3848 733 3888; x_wconf 88' lang='lat' dir='ltr'>a</span> <span class='ocrx_word' id='word_1_195' title='bbox 744 3828 872 3897; x_wconf 89' lang='lat' dir='ltr'>comicis,</span> <span class='ocrx_word' id='word_1_196' title='bbox 894 3825 944 3904; x_wconf 90' lang='lat' dir='ltr'>qui</span> <span class='ocrx_word' id='word_1_197' title='bbox 963 3835 1030 3884; x_wconf 86' lang='lat' dir='ltr'>sunt</span> <span class='ocrx_word' id='word_1_198' title='bbox 1045 3824 1237 3903; x_wconf 72' lang='lat' dir='ltr'>rsrpripsrpor:</span> <span class='ocrx_word' id='word_1_199' title='bbox 1252 3822 1391 3882; x_wconf 88' lang='lat' dir='ltr'>aLatiuis</span> 
     </span>
     <span class='ocr_line' id='line_1_28' title="bbox 357 3927 1459 4019; baseline -0.01 -26"><span class='ocrx_word' id='word_1_200' title='bbox 357 3933 446 4019; x_wconf 70' lang='lat' dir='ltr'>etiam</span> <span class='ocrx_word' id='word_1_201' title='bbox 463 3934 595 4013; x_wconf 88' lang='lat' dir='ltr'>quadrati</span> <span class='ocrx_word' id='word_1_202' title='bbox 608 3945 758 3994; x_wconf 85' lang='lat' dir='ltr'>vocantur.</span> <span class='ocrx_word' id='word_1_203' title='bbox 792 3934 895 3992; x_wconf 84' lang='lat' dir='ltr'>Habet</span> <span class='ocrx_word' id='word_1_204' title='bbox 913 3930 990 4010; x_wconf 89' lang='lat' dir='ltr'>apud</span> <span class='ocrx_word' id='word_1_205' title='bbox 1004 3929 1122 3990; x_wconf 89' lang='lat' dir='ltr'>eosdem</span> <span class='ocrx_word' id='word_1_206' title='bbox 1136 3940 1167 3987; x_wconf 86' lang='lat' dir='ltr'>et</span> <span class='ocrx_word' id='word_1_207' title='bbox 1182 3929 1337 3999; x_wconf 77' lang='grc' dir='ltr'>κατάληξιν,</span> <span class='ocrx_word' id='word_1_208' title='bbox 1352 3927 1394 3984; x_wconf 86' lang='lat' dir='ltr'>ita</span> <span class='ocrx_word' id='word_1_209' title='bbox 1455 3984 1459 3989; x_wconf 71' lang='grc'>,</span> 
     </span>
     <span class='ocr_line' id='line_1_29' title="bbox 358 4029 1392 4118; baseline -0.01 -21"><span class='ocrx_word' id='word_1_210' title='bbox 358 4039 442 4098; x_wconf 85' lang='lat' dir='ltr'>atad</span> <span class='ocrx_word' id='word_1_211' title='bbox 455 4039 597 4099; x_wconf 86' lang='lat' dir='ltr'>senarium</span> <span class='ocrx_word' id='word_1_212' title='bbox 609 4039 721 4099; x_wconf 87' lang='lat' dir='ltr'>additus</span> <span class='ocrx_word' id='word_1_213' title='bbox 732 4036 963 4118; x_wconf 84' lang='lat' dir='ltr'>amphibrachys,</span> <span class='ocrx_word' id='word_1_214' title='bbox 975 4032 1006 4092; x_wconf 89' lang='lat' dir='ltr'>id</span> <span class='ocrx_word' id='word_1_215' title='bbox 1020 4045 1074 4105; x_wconf 90' lang='lat' dir='ltr'>est,</span> <span class='ocrx_word' id='word_1_216' title='bbox 1088 4032 1199 4111; x_wconf 86' lang='lat' dir='ltr'>syllaba</span> <span class='ocrx_word' id='word_1_217' title='bbox 1212 4031 1307 4090; x_wconf 84' lang='lat' dir='ltr'>brevis</span> <span class='ocrx_word' id='word_1_218' title='bbox 1323 4029 1392 4088; x_wconf 75' lang='lat' dir='ltr'>vlon-</span> 
     </span>
     <span class='ocr_line' id='line_1_30' title="bbox 358 4134 1393 4223; baseline -0.01 -21"><span class='ocrx_word' id='word_1_219' title='bbox 358 4163 398 4223; x_wconf 86' lang='lat' dir='ltr'>ga</span> <span class='ocrx_word' id='word_1_220' title='bbox 406 4144 519 4204; x_wconf 80' lang='lat' dir='ltr'>brevis:</span> <span class='ocrx_word' id='word_1_221' title='bbox 533 4155 583 4204; x_wconf 89' lang='lat' dir='ltr'>aut</span> <span class='ocrx_word' id='word_1_222' title='bbox 590 4145 738 4216; x_wconf 86' lang='lat' dir='ltr'>bacchius,</span> <span class='ocrx_word' id='word_1_223' title='bbox 751 4144 781 4201; x_wconf 90' lang='lat' dir='ltr'>id</span> <span class='ocrx_word' id='word_1_224' title='bbox 794 4155 850 4214; x_wconf 81' lang='lat' dir='ltr'>est,</span> <span class='ocrx_word' id='word_1_225' title='bbox 862 4134 974 4221; x_wconf 85' lang='lat' dir='ltr'>syllaba</span> <span class='ocrx_word' id='word_1_226' title='bbox 983 4137 1077 4197; x_wconf 87' lang='lat' dir='ltr'>brevis</span> <span class='ocrx_word' id='word_1_227' title='bbox 1085 4138 1181 4215; x_wconf 72' lang='lat' dir='ltr'>longa,</span> <span class='ocrx_word' id='word_1_228' title='bbox 1194 4135 1305 4213; x_wconf 71' lang='lat' dir='ltr'>(ultima</span> <span class='ocrx_word' id='word_1_229' title='bbox 1316 4135 1393 4192; x_wconf 88' lang='lat' dir='ltr'>enirn</span> 
     </span>
    </p>

    <p class='ocr_par' dir='ltr' id='par_1_17' title="bbox 355 4222 1457 4332">
     <span class='ocr_line' id='line_1_31' title="bbox 355 4222 1457 4332; baseline -0.016 -19"><span class='ocrx_word' id='word_1_230' title='bbox 355 4251 469 4332; x_wconf 79' lang='lat' dir='ltr'>syllaba</span> <span class='ocrx_word' id='word_1_231' title='bbox 478 4251 573 4312; x_wconf 84' lang='lat' dir='ltr'>omnis</span> <span class='ocrx_word' id='word_1_232' title='bbox 585 4268 684 4308; x_wconf 87' lang='lat' dir='ltr'>versus</span> <span class='ocrx_word' id='word_1_233' title='bbox 696 4258 739 4309; x_wconf 88' lang='lat' dir='ltr'>eat</span> <span class='ocrx_word' id='word_1_234' title='bbox 750 4245 924 4321; x_wconf 81' lang='lat' dir='ltr'>indifferens)</span> <span class='ocrx_word' id='word_1_235' title='bbox 937 4245 994 4303; x_wconf 90' lang='lat' dir='ltr'>boc</span> <span class='ocrx_word' id='word_1_236' title='bbox 1006 4260 1141 4301; x_wconf 87' lang='lat' dir='ltr'>numeros</span> <span class='ocrx_word' id='word_1_237' title='bbox 1153 4239 1304 4320; x_wconf 85' lang='lat' dir='ltr'>perficiat:</span> <span class='ocrx_word' id='word_1_238' title='bbox 1454 4222 1457 4229; x_wconf 40' lang='lat'>¹</span> 
     </span>
    </p>
   </div>
   <div class='ocr_carea' id='block_1_10' title="bbox 518 4384 1176 4481">
    <p class='ocr_par' dir='ltr' id='par_1_18' title="bbox 518 4384 1176 4481">
     <span class='ocr_line' id='line_1_32' title="bbox 518 4384 1176 4481; baseline -0.018 -31"><span class='ocrx_word' id='word_1_239' title='bbox 518 4466 522 4481; x_wconf 39' lang='grc' dir='ltr'>Ι</span> <span class='ocrx_word' id='word_1_240' title='bbox 555 4391 631 4449; x_wconf 88' lang='lat' dir='ltr'>Nom</span> <span class='ocrx_word' id='word_1_241' title='bbox 644 4391 669 4447; x_wconf 83' lang='lat' dir='ltr'>si</span> <span class='ocrx_word' id='word_1_242' title='bbox 681 4389 818 4447; x_wconf 81' lang='lat' dir='ltr'>remittant</span> <span class='ocrx_word' id='word_1_243' title='bbox 832 4386 965 4464; x_wconf 79' lang='lat' dir='ltr'>quippiam</span> <span class='ocrx_word' id='word_1_244' title='bbox 984 4384 1176 4441; x_wconf 78' lang='lat' dir='ltr'>Philumenam,</span> 
     </span>
    </p>
   </div>
   <div class='ocr_carea' id='block_1_11' title="bbox 355 4519 1392 4723">
    <p class='ocr_par' dir='ltr' id='par_1_19' title="bbox 355 4519 1392 4723">
     <span class='ocr_line' id='line_1_33' title="bbox 355 4519 1392 4620; baseline -0.022 -21"><span class='ocrx_word' id='word_1_245' title='bbox 355 4535 405 4598; x_wconf 79' lang='lat' dir='ltr'>liic</span> <span class='ocrx_word' id='word_1_246' title='bbox 419 4543 464 4598; x_wconf 85' lang='lat' dir='ltr'>ast</span> <span class='ocrx_word' id='word_1_247' title='bbox 475 4538 627 4614; x_wconf 71' lang='lat' dir='ltr'>rplpsrpoc.</span> <span class='ocrx_word' id='word_1_248' title='bbox 647 4531 804 4590; x_wconf 83' lang='lat' dir='ltr'>Addantur</span> <span class='ocrx_word' id='word_1_249' title='bbox 813 4527 871 4586; x_wconf 84' lang='lat' dir='ltr'>illae</span> <span class='ocrx_word' id='word_1_250' title='bbox 883 4538 943 4586; x_wconf 85' lang='lat' dir='ltr'>tres</span> <span class='ocrx_word' id='word_1_251' title='bbox 956 4525 1084 4605; x_wconf 76' lang='lat' dir='ltr'>syllaba,</span> <span class='ocrx_word' id='word_1_252' title='bbox 1101 4524 1213 4594; x_wconf 87' lang='lat' dir='ltr'>dolores,</span> <span class='ocrx_word' id='word_1_253' title='bbox 1226 4532 1258 4580; x_wconf 91' lang='lat' dir='ltr'>et</span> <span class='ocrx_word' id='word_1_254' title='bbox 1271 4519 1325 4620; x_wconf 79' lang='lat' dir='ltr'>erit</span> <span class='ocrx_word' id='word_1_255' title='bbox 1330 4522 1392 4594; x_wconf 88' lang='lat' dir='ltr'>jam</span> 
     </span>
     <span class='ocr_line' id='line_1_34' title="bbox 356 4625 1392 4723; baseline -0.017 -21"><span class='ocrx_word' id='word_1_256' title='bbox 356 4641 536 4723; x_wconf 79' lang='grc' dir='ltr'><strong><em>τετράμετρος</em></strong></span> <span class='ocrx_word' id='word_1_257' title='bbox 550 4639 755 4711; x_wconf 60' lang='lat' dir='ltr'>carolastrum.</span> <span class='ocrx_word' id='word_1_258' title='bbox 795 4633 873 4694; x_wconf 87' lang='lat' dir='ltr'>Nam</span> <span class='ocrx_word' id='word_1_259' title='bbox 886 4633 917 4692; x_wconf 88' lang='lat' dir='ltr'>in</span> <span class='ocrx_word' id='word_1_260' title='bbox 928 4633 1106 4722; x_wconf 77' lang='lat' dir='ltr'>haegenare</span> <span class='ocrx_word' id='word_1_261' title='bbox 1116 4627 1165 4690; x_wconf 79' lang='lat' dir='ltr'>alii</span> <span class='ocrx_word' id='word_1_262' title='bbox 1182 4625 1284 4707; x_wconf 81' lang='lat' dir='ltr'>pedes,</span> <span class='ocrx_word' id='word_1_263' title='bbox 1304 4642 1392 4703; x_wconf 82' lang='lat' dir='ltr'>quam</span> 
     </span>
    </p>
   </div>
   <div class='ocr_carea' id='block_1_12' title="bbox 0 0 1650 5572">
    <p class='ocr_par' dir='ltr' id='par_1_20' title="bbox 0 0 1650 5572">
     <span class='ocr_line' id='line_1_35' title="bbox 0 0 1650 5572; baseline 0 0"><span class='ocrx_word' id='word_1_264' title='bbox 0 0 1650 5572; x_wconf 95' lang='lat' dir='ltr'> </span> 
     </span>
    </p>
   </div>
  </div>
 </body>
</html>
