3292 5575
353 1096 485 1183 Dus:
516 1096 802 1187 ERASM'US
842 1096 1306 1188 ROTERODAMUS

683 1358 747 1423 Du
782 1359 978 1423 METRIS.
1029 1380 1034 1389 ·

782 1606 879 1640 ⁸·-

345 1806 616 1871 communiit
629 1811 752 1873 multum
767 1808 935 1873 hlrertetem
946 1812 1002 1873 eibi
1020 1822 1197 1894 usurparunt
1213 1812 1245 1871 in
1259 1812 1351 1873 verri·

300 1914 366 1987 bue,
380 1915 435 1975 ned
448 1934 537 1975 nemo
551 1915 661 1994 largius
681 1916 834 1977 Terentio.
854 1916 932 1977 ud'eo
949 1928 984 1977 ut
1003 1917 1083 1997 opud
1099 1908 1211 1998 prinooe
1231 1907 1350 2001 quoque

299 2020 411 2081 fuerint
430 2022 481 2101 qui
495 2020 674 2099 judicarent,
694 2019 723 2079 in
742 2022 831 2101 hujus
849 2011 963 2085 fabum
975 2023 1084 2084 nullum
1103 2033 1168 2086 eme
1188 2028 1349 2087 oerminum

298 2128 407 2206 legem.
450 2127 579 2195 Sedhor
592 2127 654 2187 felli
668 2128 852 2189 menifestum
865 2140 922 2191 ert.
963 2120 1079 2191 Rursus
1090 2130 1212 2190 fuerunt
1224 2131 1277 2211 qui
1288 2150 1348 2191 non

298 2241 453 2313 negarunt,
468 2233 506 2293 ab
519 2233 579 2295 hoe
592 2234 701 2293 servari
714 2242 872 2294 metrorum
883 2236 975 2315 leger,
990 2236 1046 2297 red
1059 2236 1097 2297 ob
1118 2233 1301 2297 immodicam
1313 2226 1348 2296 li·

298 2339 443 2399 herentem
460 2358 520 2401 non
533 2356 599 2399 eune
615 2358 715 2419 operer
724 2330 997 2426 pretium·torr1ueri
1004 2342 1109 2402 dootor
1126 2342 1286 2402 oerminum
1304 2343 1348 2402 di·

296 2445 458 2520 memione,
472 2446 595 2526 quoder
607 2464 656 2505 reo
668 2444 706 2505 rit
724 2444 856 2506 immensi
868 2445 986 2519 laboris,
1005 2465 1064 2508 neo
1075 2446 1118 2508 ite
1129 2450 1253 2508 multum
1272 2448 1348 2509 infe·

295 2550 456 2631 retfnrgin.
498 2549 543 2610 At
559 2567 619 2629 ego
633 2551 670 2611 ab
688 2560 814 2632 utroque
832 2570 943 2630 genere
956 2551 1105 2613 dissentio.
1118 2572 1187 2613 unm
1204 2565 1239 2613 ut
1255 2555 1348 2615 muni·

294 2656 399 2717 sestius
416 2664 471 2730 eet,
483 2676 572 2736 quam
585 2666 619 2716 ut
632 2666 721 2737 egeat
737 2656 921 2737 probatione,
941 2656 1074 2718 Terentii
1086 2659 1244 2719 comoediae
1257 2660 1347 2720 verni·

294 2764 351 2825 bur
365 2776 518 2826 constare:
539 2764 580 2825 ite
592 2764 643 2845 qui
653 2762 861 2846 negligendum
875 2773 1016 2844 putarunt
1024 2776 1184 2826 metrorum
1192 2766 1346 2840 rationem,

293 2867 465 2949 frequenter
483 2881 579 2948 poetoe
597 2889 763 2929 sermonem
777 2879 979 2949 corrupenmt
993 2871 1064 2942 dum
1076 2870 1162 2931 oliam
1174 2889 1279 2930 rocem
1291 2891 1345 2949 pro

294 2972 353 3032 alio
365 2972 531 3049 subjiciunt,
545 2973 626 3054 quod
645 2972 765 3032 nimium
781 2991 861 3053 noepe
881 2993 938 3034 usn
948 2976 1030 3036 venit
1048 2974 1158 3047 eonon,
1177 2975 1207 3034 in
1217 2975 1347 3036 authori.

293 3077 467 3138 bur-solutae
479 3076 634 3139 dictionis:
656 3079 726 3138 dum
736 3079 849 3139 addunt
857 3089 947 3161 utque
955 3081 1096 3156 adimunt,
1111 3067 1344 3143 domuerborum

292 3183 440 3244 invertunt
458 3181 599 3244 ordinem.
640 3182 782 3244 Nonnihil
801 3183 891 3244 etium
910 3184 958 3245 nic
975 3196 1137 3265 peeoernnt
1158 3176 1272 3259 eruditi,
1293 3186 1343 3266 qui

293 3289 362 3350 dum
376 3288 507 3350 oumrinu
521 3305 632 3368 genero
645 3289 877 3367 distinguuntur>
891 3290 1090 3364 dimetiuntur,
1111 3287 1215 3372 porum
1227 3293 1341 3365 attenti,

291 3395 500 3473 interimerunt
512 3394 604 3454 verbu
616 3394 761 3474 quoednm,
773 3405 807 3454 ut
820 3394 977 3474 explerent
987 3415 1089 3456 versus
1098 3397 1219 3473 hirtum,
1232 3412 1284 3458 eut
1295 3419 1343 3459 re·

291 3511 452 3564 secuerunt
465 3501 546 3581 quod
555 3499 884 3581 videbumrsupereroe.
924 3501 1051 3562 Videtur
1059 3513 1159 3563 eutem
1167 3505 1267 3565 studio
1278 3492 1342 3565 fe'o·

291 3619 355 3668 tum
377 3627 397 3668 o
415 3604 567 3678 Terentio,
588 3615 623 3668 ut
643 3605 824 3666 dissimulato
844 3596 974 3667 carmine
994 3626 1081 3687 quem
1099 3607 1234 3688 proxime
1253 3626 1342 3668 oece-

290 3716 378 3776 deret
399 3711 624 3774 adorationem
644 3713 788 3772 solutum:
818 3701 899 3792 quod
919 3713 999 3773 idem
1013 3713 1124 3774 <effecte
1142 3733 1207 3774 esre
1226 3712 1342 3773 videtur

292 3819 437 3881 Horatius
447 3816 480 3878 in
494 3817 681 3879 Semonibus
693 3829 725 3880 et
738 3819 886 3899 Epistolie.
927 3819 1010 3880 Hine
1022 3829 1105 3880 tento
1117 3819 1149 3878 in
1160 3808 1341 3880 dimetieodo

292 3924 456 3997 diffioultus,
479 3935 514 3982 ut
534 3922 696 3984 existimem
715 3923 811 4004 ipsum
832 3925 993 3999 Donatum,
1017 3935 1069 3985 aut
1090 3925 1263 3996 Cornutum,
1287 3935 1340 3985 aut

292 4015 451 4112 Asperum,
472 4028 497 4092 si
508 4029 649 4103 virerent,
666 4029 697 4089 in
712 4029 785 4092 locis
805 4030 917 4111 aliquot
932 4033 982 4092 vel
997 4031 1137 4103 hoeenrnr,
1153 4032 1201 4092 vel
1215 4017 1339 4093 interne

292 4138 482 4200 dissensuros.
522 4135 652 4198 Proinde
665 4157 719 4198 non
732 4123 953 4217 quutriduunem
967 4139 1094 4219 opellem
1109 4137 1291 4218 sumpsimus,
1306 4130 1340 4196 ut

290 4227 666 4325 edoleroentrrliruliqunm
691 4244 776 4320 hujus
797 4243 972 4305 difiurltutin
992 4255 1107 4324 purtem
1130 4244 1337 4313 redimeremur,

273 4330 349 4410 'non
362 4348 479 4430 quidem
490 4349 522 4408 in
533 4369 633 4410 omnen
644 4348 767 4422 sobmon,
781 4350 880 4410 sedin
889 4369 977 4410 unam
990 4331 1144 4432 perpetuo,
1156 4361 1187 4411 et
1204 4351 1235 4408 in
1248 4355 1339 4409 coete-

290 4455 330 4516 ris
345 4453 484 4534 carptim:
504 4473 563 4534 quo
577 4474 634 4515 ceu
646 4451 697 4516 filo
709 4454 812 4534 adjuti,
825 4471 891 4517 tere
903 4455 1017 4518 fecilior
1029 4476 1049 4516 e
1061 4456 1177 4520 ooeterir
1189 4453 1337 4534 explicent

290 4559 472 4642 labyrinthis.
515 4561 660 4626 connum
672 4573 773 4628 nutem
784 4561 876 4640 hiduo·
883 4562 992 4627 fabule
1003 4563 1050 4627 irio
1067 4563 1163 4627 ferme
1176 4569 1335 4623 metrorum
