3292 5575
481 685 562 771 DE·
581 696 779 757 METnls
813 697 1046 760 COMICIS.
1195 699 1279 758 turi*

533 853 690 931 Apooopes
699 850 833 931 exemplu
845 849 910 910 hoec
923 851 1009 912 hehe.

296 1309 434 1393 Denique
446 1313 478 1372 in
486 1311 585 1372 multis
597 1331 657 1372 non
669 1312 757 1371 modo
776 1332 791 1370 ι
809 1310 896 1372 fineie
913 1329 968 1391 pro
982 1310 1064 1374 libitu
1074 1311 1223 1389 objiciunt,
1237 1311 1290 1372 sed

255 1421 390 1480 vocalem
407 1419 494 1480 etiam
514 1437 579 1498 quoe
589 1416 721 1495 proxime
735 1415 884 1495 prmoedit.
902 1417 1034 1497 exempla
1051 1427 1121 1476 sunt
1144 1419 1291 1478 innumera

258 1524 290 1582 in
303 1521 573 1603 quibuarabjieitur
587 1540 654 1580 cum
672 1520 761 1580 dictio
781 1519 983 1586 desinitinrur
1002 1525 1055 1583 sed
1074 1525 1204 1584 vocalem
1218 1541 1296 1603 quo··

261 1646 319 1706 que
336 1627 385 1687 'eui
400 1627 539 1702 adjsmota
554 1635 609 1696 est,
625 1625 753 1684 'resecuit
766 1643 843 1703 sape
861 1625 988 1700 Plautus,
1003 1628 1091 1707 idque
1111 1649 1170 1688 non
1188 1631 1217 1688 in
1240 1649 1293 1688 no·

262 1731 385 1791 mimum
394 1741 514 1802 tantum,
535 1729 609 1788 utin
628 1749 731 1800 remus,
741 1730 795 1788 sed
810 1729 843 1790 in
860 1731 955 1790 verbis
973 1733 1070 1804 etism,
1081 1745 1113 1792 ut
1123 1735 1152 1792 in
1164 1737 1291 1806 uolumus,

262 1839 475 1911 attulisnuqdre.
515 1835 627 1895 Eadem
646 1854 763 1914 quoque
784 1836 911 1908 liuentis,
935 1857 1002 1898 oum
1020 1857 1078 1897 rou
1095 1838 1198 1897 desinit
1216 1839 1244 1896 in
1258 1840 1292 1909 is,

263 1959 322 1998 non
333 1941 448 2000 modos
466 1941 608 2016 objicitur,
623 1940 699 1999 utin
712 1939 915 2019 meginhoh,
935 1943 1038 2020 pergis,
1061 1943 1158 2012 tristis,
1177 1943 1256 2020 quod
1274 1960 1292 2000 a

264 2043 403 2104 Terentio
417 2045 535 2116 fretum,
547 2045 600 2104 sed
617 2045 751 2117 iretiam,
770 2044 845 2104 utin
862 2043 965 2114 ιὶιιὲὶιζι,
978 2045 1129 2114 commitis,
1142 2045 1291 2114 exorabilis,

264 2149 391 2223 corporis,
410 2147 528 2208 Verteris.
548 2147 700 2207 Interdum
712 2169 727 2206 r
740 2149 887 2224 abjectu,s'
900 2147 1060 2226 corripitur,
1075 2165 1168 2226 neque
1179 2168 1193 2206 s
1205 2149 1293 2208 modo

264 2252 317 2311 sed
328 2254 355 2311 ιε
366 2271 483 2332 quoque
493 2253 579 2312 sfine
590 2253 760 2325 detrahitur,
770 2253 859 2313 etiam
872 2271 944 2312 eum·
953 2263 1054 2314 notura
1066 2253 1205 2331 longeest
1216 2278 1224 2324 ς
1243 2273 1294 2311 ex·

265 2358 368 2436 empla,
382 2357 433 2416 ubi
444 2378 458 2414 r
468 2353 599 2416 detracta
611 2358 622 2415 i
634 2355 792 2437 surripitur,
813 2367 881 2416 sunt
898 2359 989 2416 multis
999 2368 1029 2416 et
1041 2358 1125 2428 miris,
1140 2377 1179 2416 ex
1192 2358 1294 2435 quibus

265 2461 342 2521 soem
354 2470 421 2521 suot
432 2463 593 2523 multimodis
605 2473 636 2522 et
653 2462 819 2521 nimuh:
839 2461 981 2539 posterior
999 2481 1112 2539 quoque
1134 2462 1250 2521 innubis
1264 2473 1295 2522 et

268 2566 342 2624 nobis
355 2566 458 2625 eedem
469 2565 586 2626 lieentia
596 2566 747 2646 aliquoties
765 2563 845 2642 apud
859 2564 991 2622 Plautum
1010 2566 1115 2644 corripi
1126 2566 1247 2640 ridetur,
1265 2579 1296 2626 et

268 2688 472 2749 nonnunquam
485 2679 578 2729 totum
592 2672 622 2728 ἐι
641 2667 738 2744 abjici,
757 2667 810 2726 nisi
823 2686 877 2747 pro
889 2667 924 2724 iis
938 2668 1094 2745 legendum
1107 2667 1145 2725 sit
1154 2669 1192 2726 bie
1205 2677 1235 2726 et
1245 2671 1296 2740 uis,
1416 2669 1419 2678 ’

269 2793 391 2852 quorum
407 2775 487 2853 prius
503 2773 639 2853 pronubis
652 2773 784 2851 antiquos
794 2771 902 2831 dixisse
914 2773 1061 2831 annotavit
1074 2768 1192 2833 Festus:
1212 2771 1296 2849 hujus

269 2890 366 2938 mrtem
378 2880 503 2939 licentias
516 2880 596 2939 eluro
603 2878 739 2957 exempla
748 2887 825 2947 sunt,
832 2878 948 2953 peratis,
963 2877 1089 2953 imperiis.

308 2981 365 3041 His
378 2983 469 3042 addas
488 2982 567 3061 quod
587 3003 615 3040 er
634 2980 780 3040 interdum
799 2978 930 3054 abjicitur
947 2980 978 3037 in
997 3000 1049 3052 res,
1061 2990 1091 3039 et
1100 3002 1143 3040 reo
1155 2991 1197 3039 est
1210 3000 1248 3047 ex
1260 3000 1296 3041 eo

270 3086 377 3164 sepius
389 3086 423 3145 fit
437 3086 578 3166 monosyl.

310 3193 408 3272 Atque
420 3191 468 3249 hee
476 3190 539 3250 fere
550 3200 617 3249 sunt
632 3188 767 3259 rationes,
776 3186 879 3265 quuisus
897 3197 1011 3245 veteres
1024 3186 1127 3245 comici
1144 3206 1226 3246 verus
1235 3206 1299 3245 ver-

268 3300 372 3358 borum
383 3295 556 3376 quantitates
565 3296 659 3355 solent
678 3292 857 3361 imminuere,
870 3288 1056 3378 =corripiendo
1069 3308 1175 3369 nempe
1185 3302 1215 3349 et
1228 3310 1311 3359 con-2

270 3399 421 3460 vehendo.
462 3398 502 3456 Et
519 3398 605 3472 hujus
615 3396 730 3475 generis
744 3405 789 3454 est
797 3394 975 3452 licentiarum
985 3412 1051 3471 pers
1061 3391 1147 3471 longe
1157 3394 1298 3451 maximas

270 3524 369 3564 earum
378 3522 447 3561 vero
458 3520 554 3561 causae
572 3519 611 3557 ex
625 3498 755 3579 populnri
772 3498 907 3576 loquendi
917 3498 1123 3556 consuetudine
1135 3508 1164 3555 et
1174 3516 1299 3575 pronun-

271 3606 396 3667 tiationis
407 3616 511 3665 nutura
519 3604 653 3684 petendos
663 3614 740 3663 sunt.
769 3602 830 3660 Sed
841 3612 872 3660 et
880 3601 944 3660 alim
954 3600 1099 3660 nonnullos
1107 3612 1174 3659 sunt
1182 3600 1298 3659 alterius

271 3711 396 3791 generis,
409 3730 475 3788 quse
491 3708 604 3768 sedicet
621 3708 721 3767 insitas
741 3708 894 3766 verborum
905 3706 1076 3783 quantitates
1087 3716 1203 3783 sugent,
1223 3715 1252 3763 et
1269 3704 1301 3763 in

271 3816 415 3895 prosodiae
428 3815 517 3891 ,leges
530 3824 663 3891 peccunt,
684 3822 718 3871 ut
734 3811 859 3889 syllabas
875 3820 978 3869 nature
998 3810 1100 3868 breves
1118 3808 1299 3887 producant;

272 3939 339 3998 ques
348 3918 411 3977 fere
421 3928 487 3976 sunt
499 3915 670 3995 hujusmodi.

313 4023 420 4093 Primo,
439 4020 620 4101 synnloephes
637 4021 739 4081 erebro
754 4020 915 4098 negligunt,
931 4029 961 4078 et
974 4016 1112 4076 vomlium
1134 4032 1298 4083 concursus,

271 4146 327 4187 neo
340 4126 471 4187 venalem
486 4144 525 4185 ne
541 4126 659 4186 brevem
672 4123 789 4203 quidem
807 4121 925 4196 elidunt,
935 4122 979 4180 his
992 4120 1136 4201 proecipue
1148 4118 1238 4187 locis;
1258 4137 1301 4177 se·

290 4381 321 4423 ‘1
333 4376 405 4441 Smd]
421 4376 681 4437 clm,nint10r,rpod
696 4376 763 4422 ΡΙιιι-
812 4380 921 4437 sequente
938 4389 1043 4428 oouronn,
1063 4387 1108 4433 qus
1129 4372 1222 4421 lieentia
1240 4372 1302 4419 nulls

274 4449 434 4510 umorempla
451 4455 504 4495 suot
517 4449 584 4509 hujus
599 4448 703 4502 tuende,
719 4464 764 4507 qun
811 4448 872 4508 opud
884 4444 954 4492 lutor
962 4444 1108 4507 frequentior.

274 4535 288 4566 e
298 4519 364 4590 findo
370 4520 394 4568 in
403 4521 480 4569 rerbir
492 4520 560 4578 modo
567 4519 650 4568 induiti
660 4519 764 4579 objicitur
