3292 5575
382 718 448 786 DE
478 722 684 790 conticis
712 722 1125 790 DIMENSIONIBUS.
1202 721 1298 787 mi*

253 903 403 964 aocslrlms
417 922 476 967 una
489 902 601 988 syllaba
620 895 760 969 concreta
775 918 863 969 emat.
901 904 1015 967 Verum
1027 914 1061 967 ut
1079 904 1109 966 in
1129 899 1243 980 natura,
1256 902 1300 967 ita

254 1007 360 1071 lirarte
377 1010 455 1072 illius
476 1011 633 1073 imitatrice
656 1010 823 1073 faciendum
846 1010 931 1072 nobis
950 1022 1007 1083 est,
1030 1010 1102 1071 nibil
1124 1022 1176 1071 aut
1192 1010 1297 1081 otiosa

253 1122 304 1173 aut
316 1116 465 1195 superfluo
478 1135 577 1196 agere.
617 1116 700 1197 Ergo
713 1128 747 1178 ut
757 1128 875 1179 constet
886 1118 962 1178 ratio
970 1115 1167 1188 dimensionis,
1185 1116 1210 1177 si
1224 1117 1299 1177 reci·

254 1218 315 1297 pias
328 1220 630 1299 proceleusmaticum,
648 1240 737 1281 unum
751 1232 865 1283 tantum
880 1221 1005 1295 moliris,
1020 1240 1089 1282 cum
1098 1220 1176 1281 tollis
1184 1220 1299 1300 digam-

254 1341 311 1383 ma.
352 1324 384 1385 si
397 1324 481 1385 malis
493 1326 683 1399 tribrachum,
705 1336 735 1388 et
755 1328 814 1388 hcc
836 1327 889 1388 tibi
911 1328 990 1389 idem
1004 1328 1164 1389 curandum
1183 1336 1239 1399 est,
1263 1334 1299 1385 ut

254 1428 356 1489 tolles:
376 1441 563 1510 etproeterea
576 1432 689 1495 duabus
702 1433 841 1494 confertis
860 1432 977 1513 syllabis
999 1431 1183 1495 obscuranda
1195 1430 1299 1491 oratio.

256 1532 332 1594 Nam
344 1535 370 1595 si
390 1536 463 1596 nibil
484 1537 573 1598 refert
590 1540 802 1620 pronunciesne
819 1540 932 1613 invidia,
947 1560 983 1599 oa
995 1541 1097 1613 inuida,
1112 1535 1181 1617 quid
1193 1534 1299 1596 intelli·

256 1640 382 1719 gamus?
402 1640 526 1721 quodsi
548 1648 597 1721 (ac
622 1644 719 1705 verius
737 1644 854 1724 quidem
876 1644 934 1722 est)
947 1644 990 1706 ita
1007 1643 1244 1724 pronunciemus,
1265 1650 1300 1698 ut

255 1745 337 1824 quasi
347 1764 449 1807 sonum
462 1748 647 1809 consonantis
660 1750 738 1830 prior
755 1749 865 1811 vocalis
878 1748 1093 1825 obtinentiam
1110 1766 1169 1806 non
1191 1746 1228 1806 sit
1247 1744 1299 1804 tri·

254 1850 381 1910 braehus
394 1850 525 1932 amplius,
536 1854 589 1913 sed
603 1863 777 1935 anapestus.
804 1852 898 1915 'Nam
917 1854 960 1915 ita
979 1852 1165 1934 pronunciari
1185 1850 1214 1909 in
1235 1850 1300 1929 qui·

254 1956 376 2016 busdam
389 1954 657 2037 proceleumaticis
676 1965 739 2035 jam
759 1958 896 2033 diximus,
914 1970 946 2019 et
965 1972 1086 2040 apparet
1111 1978 1150 2019 ex
1172 1957 1223 2018 illo
1235 1976 1300 2017 ser·

256 2080 291 2119 su
303 2071 412 2140 poetar.
452 2060 557 2134 Stellio,
571 2072 598 2120 et
611 2062 741 2143 lucrsugis
754 2072 883 2142 congreto
895 2064 995 2124 cubilia
1016 2065 1117 2123 blattis.
1158 2060 1199 2122 Et
1220 2061 1301 2141 apud

256 2167 429 2227 Horatium:
451 2174 483 2227 ut
496 2167 642 2226 Nasidieni
645 2168 726 2245 juvit
749 2176 776 2227 tc
797 2188 870 2227 coeac
883 2170 965 2228 besti.
1004 2168 1084 2229 Nam
1100 2168 1179 2229 idem
1192 2186 1300 2227 nomen

255 2272 355 2333 eiiter:
376 2272 546 2331 Nasuam
559 2274 597 2331 ad
615 2272 680 2333 loec.
721 2274 821 2340 Quare
833 2271 864 2332 in
875 2273 972 2353 priore
982 2294 1080 2346 verm,
1093 2292 1196 2334 omnes
1216 2282 1300 2335 erunt

255 2378 375 2459 spondei
400 2386 508 2459 praeter
530 2378 674 2457 quintum.
717 2376 767 2439 Sic
793 2377 871 2439 enim
898 2378 987 2438 etiam
1011 2376 1155 2451 Catullus,
1175 2378 1299 2458 pituita,

253 2485 374 2564 primam
399 2502 467 2544 cum
488 2484 642 2563 produxit:
670 2502 828 2563 maerorque
851 2493 880 2545 rt
900 2488 974 2546 mula
993 2486 1099 2563 pituita
1119 2486 1189 2545 acri.
1229 2481 1311 2543 Non'

254 2590 392 2670 corripuit
411 2588 572 2651 Homtiusr
591 2590 645 2649 nisi
668 2610 728 2651 cum
748 2590 852 2667 pirata
873 2592 1047 2650 memsam.
1088 2589 1150 2649 Sed
1176 2587 1301 2669 trisylla-

253 2696 326 2755 bum
339 2696 453 2775 posuit:
473 2696 515 2756 ita
525 2706 559 2756 ut
572 2695 670 2756 media
682 2694 767 2756 litera
777 2694 926 2755 AEolicum
940 2694 978 2755 sit
988 2694 1156 2773 digamma:
1176 2694 1256 2775 quod
1269 2704 1301 2754 et

253 2802 372 2863 elicitur
384 2822 421 2861 ex
428 2801 541 2878 judicio
555 2800 627 2862 AElii
642 2799 777 2873 Stolonis,
791 2799 842 2880 qui
854 2819 873 2861 a
884 2800 1015 2882 petendo
1026 2799 1117 2861 vitam
1132 2799 1201 2864 duci
1218 2808 1301 2859 ratus

254 2917 310 2967 est.
349 2905 460 2966 Verum
476 2906 557 2987 quod
576 2907 616 2978 in,
628 2905 741 2977 incidis,
752 2906 834 2980 fecit,
848 2919 882 2967 nt
899 2927 987 2968 unam
997 2927 1035 2968 er
1048 2905 1160 2967 duabus
1172 2905 1301 2966 efficeret

250 3013 403 3094 syllabam,
414 3011 597 3072 commodius
610 2994 837 3085 coniecissetin,
848 3015 961 3093 irp'srim
975 3013 1027 3074 illo
1036 3031 1140 3074 semu:
1161 3015 1297 3090 psojare,
1347 3005 1351 3012 ’

251 3139 356 3197 puerque
364 3119 468 3197 iry‘uric
478 3118 644 3195 praecipitem
654 3137 696 3177 me
707 3119 736 3177 ia
745 3120 892 3196 pistrinum
906 3121 991 3182 dabit.
1031 3117 1116 3180 Sicut
1125 3117 1166 3189 in,
1171 3117 1297 3194 perfidio,

252 3223 375 3302 prologo
396 3221 634 3302 Amphitruonis:
658 3243 711 3283 noa
729 3224 879 3296 ωηῠὶιίοιιι,
893 3243 977 3302 oeque
994 3223 1119 3301 peffla,
1141 3221 1188 3300 qai
1204 3221 1299 3278 mnas.

251 3327 289 3388 ld
302 3329 382 3408 qnod
406 3327 704 3402 sianimadrertisset,
726 3349 786 3389 non
799 3328 962 3389 sustulisset
974 3345 1134 3408 pronomen
1152 3343 1203 3396 me,
1220 3323 1300 3404 quod

250 3449 359 3511 magna
371 3451 438 3492 curn
447 3431 587 3512 emphasi,
603 3451 640 3491 ec
650 3445 734 3510 gestu
745 3434 783 3492 ad
796 3433 930 3491 timorem
943 3449 1077 3511 personae
1090 3430 1219 3510 positum
1233 3441 1295 3491 estt

251 3546 283 3596 et
294 3535 427 3597 omnibus
445 3537 475 3594 in
489 3535 702 3615 exemplaribus
715 3534 832 3615 legitur.
875 3535 953 3596 Tolli
965 3548 1064 3597 autem
1078 3535 1225 3596 AEolicum
1237 3536 1298 3597 ele·

251 3649 382 3701 mentum
394 3639 425 3698 in
435 3657 472 3700 ea
484 3657 570 3711 voce,
589 3640 687 3720 palam
697 3649 743 3700 est
755 3639 844 3704 etlam
857 3659 944 3702 versu
960 3639 1011 3701 illo
1025 3640 1227 3703 Phormionisr
1248 3643 1298 3720 psi

252 3765 321 3823 toepe
330 3757 444 3823 propter
456 3745 584 3804 inuidium
597 3745 718 3804 admunt
730 3747 819 3806 diviti.
859 3736 967 3827 Neque
980 3746 1058 3807 enim
1069 3747 1173 3808 mirum
1186 3759 1232 3809 est
1244 3748 1298 3808 ad·

251 3849 400 3909 ventitiam
416 3849 530 3909 literam
551 3848 590 3909 de
609 3848 709 3910 medio
721 3849 784 3909 tolli
798 3850 881 3930 quasi
903 3851 1096 3931 peregrim.
1138 3854 1196 3914 Est
1218 3853 1296 3915 enim

248 3955 337 4028 uideo,
350 3953 417 4014 idn:
438 3953 512 4015 sicut
533 3955 564 4014 in
586 3956 678 4016 verbo
699 3957 781 4016 eico:
798 3955 857 4016 suit
869 3957 946 4016 enim
964 3956 1039 4034 βιῦε
1059 3977 1211 4019 eorersuz
1230 3959 1297 4018 libr·

250 4059 310 4118 sicr
322 4059 498 4140 uicesdifait
506 4069 638 4138 potestas,
661 4081 723 4120 rum
737 4069 828 4122 orrea.
868 4060 945 4122 Puto
962 4061 1040 4122 enim
1059 4081 1119 4122 non
1138 4061 1296 4123 admodum

251 4175 399 4246 vegetam,
423 4175 649 4246 contentamque
680 4165 771 4228 fuisse
797 4167 891 4227 literae
919 4165 998 4227 illius
1022 4165 1296 4248 pronuntiationem.

250 4270 337 4332 'sicuti
352 4289 450 4351 neque
472 4277 503 4331 in
523 4291 582 4345 oco,
605 4291 701 4352 neque
714 4273 743 4331 in
756 4289 814 4342 oce,
836 4289 905 4332 cum
926 4271 1039 4332 libitum
1059 4279 1150 4332 esset.
1171 4290 1239 4350 qum
1259 4281 1295 4329 nt

252 4375 409 4456 asperrima
422 4388 468 4437 est
477 4377 557 4459 apud
572 4377 746 4450 Germanos,
758 4375 800 4438 ita
813 4396 890 4457 pene
908 4371 1016 4437 vocalis
1037 4375 1114 4454 apud
1131 4374 1294 4448 Vascones,

248 4501 311 4543 non
323 4501 505 4547 consonans:
527 4485 636 4546 nedum
647 4495 682 4543 ut
703 4484 814 4565 duplex
828 4481 941 4564 uspiam
950 4481 997 4542 sit.
1039 4481 1101 4542 Sed
1110 4497 1295 4560 nequaquam

251 4605 308 4682 par
326 4589 404 4650 ratio
426 4589 481 4660 fuit
504 4602 555 4654 aut
576 4589 745 4668 necessitas,
767 4587 979 4652 ut-elideretur
991 4587 1069 4650 idern
1091 4585 1247 4665 digamma,
1262 4581 1295 4642 in
