<?xml version="1.0" encoding="UTF-8"?>
<!DOCTYPE html PUBLIC "-//W3C//DTD XHTML 1.0 Transitional//EN"
    "http://www.w3.org/TR/xhtml1/DTD/xhtml1-transitional.dtd">
<html xmlns="http://www.w3.org/1999/xhtml" xml:lang="en" lang="en">
 <head>
  <title>
</title>
<meta http-equiv="Content-Type" content="text/html;charset=utf-8" />
  <meta name='ocr-system' content='tesseract 3.04.00' />
  <meta name='ocr-capabilities' content='ocr_page ocr_carea ocr_par ocr_line ocrx_word'/>
</head>
<body>
  <div class='ocr_page' id='page_1' title='image "./pterentiicartha01ruhngoog/pterentiicartha01ruhngoog_0013.png"; bbox 0 0 3292 5575; ppageno 0'>
   <div class='ocr_carea' id='block_1_1' title="bbox 625 743 1303 857">
    <p class='ocr_par' dir='ltr' id='par_1_1' title="bbox 625 743 1303 857">
     <span class='ocr_line' id='line_1_1' title="bbox 625 743 1303 857; baseline -0.006 0"><span class='ocrx_word' id='word_1_1' title='bbox 625 743 628 750; x_wconf 24' lang='grc' dir='ltr'>Ι</span> <span class='ocrx_word' id='word_1_2' title='bbox 655 794 935 857; x_wconf 55' lang='lat' dir='ltr'><strong>emmo.</strong></span> <span class='ocrx_word' id='word_1_3' title='bbox 1284 816 1303 853; x_wconf 86' lang='lat' dir='ltr'>v</span> 
     </span>
    </p>
   </div>
   <div class='ocr_carea' id='block_1_2' title="bbox 259 976 1296 3488">
    <p class='ocr_par' dir='ltr' id='par_1_2' title="bbox 259 976 1296 3488">
     <span class='ocr_line' id='line_1_2' title="bbox 290 976 1296 1057; baseline 0.004 -24"><span class='ocrx_word' id='word_1_4' title='bbox 290 978 397 1051; x_wconf 77' lang='lat' dir='ltr'><strong>lestis,</strong></span> <span class='ocrx_word' id='word_1_5' title='bbox 420 976 526 1037; x_wconf 86' lang='lat' dir='ltr'><strong>mutari</strong></span> <span class='ocrx_word' id='word_1_6' title='bbox 540 996 599 1038; x_wconf 88' lang='lat' dir='ltr'><strong>non</strong></span> <span class='ocrx_word' id='word_1_7' title='bbox 621 976 749 1057; x_wconf 84' lang='lat' dir='ltr'><strong>potuisse</strong></span> <span class='ocrx_word' id='word_1_8' title='bbox 764 996 836 1049; x_wconf 88' lang='lat' dir='ltr'><strong>rem,</strong></span> <span class='ocrx_word' id='word_1_9' title='bbox 850 996 916 1055; x_wconf 81' lang='lat' dir='ltr'><strong>quae</strong></span> <span class='ocrx_word' id='word_1_10' title='bbox 930 995 981 1056; x_wconf 82' lang='lat' dir='ltr'><strong>per</strong></span> <span class='ocrx_word' id='word_1_11' title='bbox 995 994 1028 1037; x_wconf 85' lang='lat' dir='ltr'><strong>ae</strong></span> <span class='ocrx_word' id='word_1_12' title='bbox 1046 977 1143 1056; x_wconf 74' lang='lat' dir='ltr'><strong>magni</strong></span> <span class='ocrx_word' id='word_1_13' title='bbox 1156 980 1296 1038; x_wconf 81' lang='lat' dir='ltr'><strong>momenti</strong></span> 
     </span>
     <span class='ocr_line' id='line_1_3' title="bbox 304 1082 1296 1163; baseline -0.002 -18"><span class='ocrx_word' id='word_1_14' title='bbox 304 1105 362 1145; x_wconf 88' lang='lat' dir='ltr'><strong>uun</strong></span> <span class='ocrx_word' id='word_1_15' title='bbox 375 1094 464 1156; x_wconf 82' lang='lat' dir='ltr'><strong>esset,</strong></span> <span class='ocrx_word' id='word_1_16' title='bbox 487 1092 519 1143; x_wconf 90' lang='lat' dir='ltr'><strong>et</strong></span> <span class='ocrx_word' id='word_1_17' title='bbox 531 1092 672 1163; x_wconf 78' lang='lat' dir='ltr'><strong>praeterea</strong></span> <span class='ocrx_word' id='word_1_18' title='bbox 689 1082 721 1141; x_wconf 90' lang='lat' dir='ltr'><strong>id</strong></span> <span class='ocrx_word' id='word_1_19' title='bbox 734 1082 844 1143; x_wconf 77' lang='lat' dir='ltr'><strong>bebere</strong></span> <span class='ocrx_word' id='word_1_20' title='bbox 863 1082 1011 1143; x_wconf 84' lang='lat' dir='ltr'><strong>rideretur</strong></span> <span class='ocrx_word' id='word_1_21' title='bbox 1034 1084 1189 1157; x_wconf 85' lang='lat' dir='ltr'><strong>commodi,</strong></span> <span class='ocrx_word' id='word_1_22' title='bbox 1209 1096 1241 1143; x_wconf 87' lang='lat' dir='ltr'><strong>ut</strong></span> <span class='ocrx_word' id='word_1_23' title='bbox 1259 1085 1296 1143; x_wconf 83' lang='lat' dir='ltr'><strong>ti·</strong></span> 
     </span>
     <span class='ocr_line' id='line_1_4' title="bbox 304 1187 1293 1269; baseline -0.002 -20"><span class='ocrx_word' id='word_1_24' title='bbox 304 1210 389 1252; x_wconf 84' lang='lat' dir='ltr'><strong>rones</strong></span> <span class='ocrx_word' id='word_1_25' title='bbox 412 1189 481 1250; x_wconf 87' lang='lat' dir='ltr'><strong>inde</strong></span> <span class='ocrx_word' id='word_1_26' title='bbox 495 1198 615 1269; x_wconf 80' lang='lat' dir='ltr'><strong>possent</strong></span> <span class='ocrx_word' id='word_1_27' title='bbox 634 1188 806 1269; x_wconf 76' lang='lat' dir='ltr'><strong>intelligere,</strong></span> <span class='ocrx_word' id='word_1_28' title='bbox 821 1208 889 1269; x_wconf 79' lang='lat' dir='ltr'><strong>quoe</strong></span> <span class='ocrx_word' id='word_1_29' title='bbox 902 1188 976 1249; x_wconf 89' lang='lat' dir='ltr'><strong>ratio</strong></span> <span class='ocrx_word' id='word_1_30' title='bbox 989 1187 1133 1249; x_wconf 87' lang='lat' dir='ltr'><strong>scribendi</strong></span> <span class='ocrx_word' id='word_1_31' title='bbox 1148 1188 1293 1267; x_wconf 84' lang='lat' dir='ltr'><strong>Bentlejo,</strong></span> 
     </span>
     <span class='ocr_line' id='line_1_5' title="bbox 303 1294 1293 1375; baseline 0.004 -24"><span class='ocrx_word' id='word_1_32' title='bbox 303 1294 351 1355; x_wconf 85' lang='lat' dir='ltr'><strong>hic</strong></span> <span class='ocrx_word' id='word_1_33' title='bbox 364 1294 499 1357; x_wconf 85' lang='lat' dir='ltr'><strong>codicum</strong></span> <span class='ocrx_word' id='word_1_34' title='bbox 520 1296 698 1355; x_wconf 82' lang='lat' dir='ltr'><strong>vetustorum</strong></span> <span class='ocrx_word' id='word_1_35' title='bbox 722 1295 928 1361; x_wconf 81' lang='lat' dir='ltr'><strong>auctoritatem</strong></span> <span class='ocrx_word' id='word_1_36' title='bbox 950 1296 1094 1375; x_wconf 76' lang='lat' dir='ltr'>sequenti,</span> <span class='ocrx_word' id='word_1_37' title='bbox 1108 1296 1138 1355; x_wconf 94' lang='lat' dir='ltr'><strong>in</strong></span> <span class='ocrx_word' id='word_1_38' title='bbox 1153 1295 1293 1363; x_wconf 85' lang='lat' dir='ltr'><strong>Terentio</strong></span> 
     </span>
     <span class='ocr_line' id='line_1_6' title="bbox 304 1398 1296 1481; baseline -0.003 -17"><span class='ocrx_word' id='word_1_39' title='bbox 304 1400 436 1472; x_wconf 66' lang='lat' dir='ltr'><strong>edendo,</strong></span> <span class='ocrx_word' id='word_1_40' title='bbox 445 1400 567 1481; x_wconf 82' lang='lat' dir='ltr'><strong>probata</strong></span> <span class='ocrx_word' id='word_1_41' title='bbox 579 1398 676 1461; x_wconf 76' lang='lat' dir='ltr'><strong>bresit.</strong></span> <span class='ocrx_word' id='word_1_42' title='bbox 718 1399 775 1459; x_wconf 86' lang='lat' dir='ltr'><strong>His</strong></span> <span class='ocrx_word' id='word_1_43' title='bbox 794 1400 977 1476; x_wconf 83' lang='lat' dir='ltr'><strong>adjunximus</strong></span> <span class='ocrx_word' id='word_1_44' title='bbox 989 1400 1044 1481; x_wconf 89' lang='lat' dir='ltr'><strong>ipsi</strong></span> <span class='ocrx_word' id='word_1_45' title='bbox 1057 1401 1174 1474; x_wconf 82' lang='lat' dir='ltr'><strong>tertium</strong></span> <span class='ocrx_word' id='word_1_46' title='bbox 1192 1400 1231 1462; x_wconf 87' lang='lat' dir='ltr'><strong>de</strong></span> <span class='ocrx_word' id='word_1_47' title='bbox 1244 1420 1296 1473; x_wconf 87' lang='lat' dir='ltr'><strong>no·</strong></span> 
     </span>
     <span class='ocr_line' id='line_1_7' title="bbox 259 1506 1293 1586; baseline 0.002 -19"><span class='ocrx_word' id='word_1_48' title='bbox 259 1576 261 1580; x_wconf 17' lang='lat'>³</span> <span class='ocrx_word' id='word_1_49' title='bbox 304 1506 428 1567; x_wconf 82' lang='lat' dir='ltr'><strong>minibus</strong></span> <span class='ocrx_word' id='word_1_50' title='bbox 455 1517 607 1573; x_wconf 83' lang='lat' dir='ltr'><strong>suetorum</strong></span> <span class='ocrx_word' id='word_1_51' title='bbox 629 1506 766 1579; x_wconf 86' lang='lat' dir='ltr'><strong>indicem,</strong></span> <span class='ocrx_word' id='word_1_52' title='bbox 790 1526 914 1586; x_wconf 89' lang='lat' dir='ltr'><strong>quorum</strong></span> <span class='ocrx_word' id='word_1_53' title='bbox 931 1507 998 1567; x_wconf 91' lang='lat' dir='ltr'><strong>loca</strong></span> <span class='ocrx_word' id='word_1_54' title='bbox 1018 1506 1065 1567; x_wconf 89' lang='lat' dir='ltr'><strong>vel</strong></span> <span class='ocrx_word' id='word_1_55' title='bbox 1086 1508 1293 1581; x_wconf 82' lang='lat' dir='ltr'><strong>ascboliastis,</strong></span> 
     </span>
     <span class='ocr_line' id='line_1_8' title="bbox 302 1610 1294 1693; baseline 0.002 -20"><span class='ocrx_word' id='word_1_56' title='bbox 302 1613 380 1673; x_wconf 83' lang='lat' dir='ltr'><strong>vela</strong></span> <span class='ocrx_word' id='word_1_57' title='bbox 400 1610 618 1691; x_wconf 84' lang='lat' dir='ltr'><strong>Lindenbrugio</strong></span> <span class='ocrx_word' id='word_1_58' title='bbox 631 1612 792 1685; x_wconf 75' lang='lat' dir='ltr'><strong>laudantur,</strong></span> <span class='ocrx_word' id='word_1_59' title='bbox 808 1612 1003 1693; x_wconf 72' lang='lat' dir='ltr'><strong>explicantur,</strong></span> <span class='ocrx_word' id='word_1_60' title='bbox 1024 1623 1172 1683; x_wconf 71' lang='lat' dir='ltr'><strong>autperto</strong></span> <span class='ocrx_word' id='word_1_61' title='bbox 1194 1633 1235 1673; x_wconf 83' lang='lat' dir='ltr'><strong>ex</strong></span> <span class='ocrx_word' id='word_1_62' title='bbox 1256 1615 1294 1675; x_wconf 88' lang='lat' dir='ltr'><strong>si·</strong></span> 
     </span>
     <span class='ocr_line' id='line_1_9' title="bbox 303 1717 1295 1796; baseline 0.004 -19"><span class='ocrx_word' id='word_1_63' title='bbox 303 1718 414 1783; x_wconf 86' lang='lat' dir='ltr'><strong>milium</strong></span> <span class='ocrx_word' id='word_1_64' title='bbox 427 1718 561 1777; x_wconf 86' lang='lat' dir='ltr'><strong>locorum</strong></span> <span class='ocrx_word' id='word_1_65' title='bbox 580 1717 721 1785; x_wconf 62' lang='lat' dir='ltr'><strong>sociatae</strong></span> <span class='ocrx_word' id='word_1_66' title='bbox 733 1738 771 1779; x_wconf 89' lang='lat' dir='ltr'><strong>sc</strong></span> <span class='ocrx_word' id='word_1_67' title='bbox 790 1718 996 1796; x_wconf 84' lang='lat' dir='ltr'><strong>conjupetione</strong></span> <span class='ocrx_word' id='word_1_68' title='bbox 1008 1717 1116 1796; x_wconf 85' lang='lat' dir='ltr'><strong>aliquid</strong></span> <span class='ocrx_word' id='word_1_69' title='bbox 1129 1717 1203 1781; x_wconf 81' lang='lat' dir='ltr'><strong>lucia</strong></span> <span class='ocrx_word' id='word_1_70' title='bbox 1217 1720 1295 1780; x_wconf 84' lang='lat' dir='ltr'><strong>soci-</strong></span> 
     </span>
     <span class='ocr_line' id='line_1_10' title="bbox 304 1821 1294 1904; baseline 0.001 -21"><span class='ocrx_word' id='word_1_71' title='bbox 304 1843 373 1904; x_wconf 89' lang='lat' dir='ltr'><strong>pere</strong></span> <span class='ocrx_word' id='word_1_72' title='bbox 385 1822 570 1885; x_wconf 85' lang='lat' dir='ltr'><strong>ridebantur.</strong></span> <span class='ocrx_word' id='word_1_73' title='bbox 610 1824 678 1889; x_wconf 86' lang='lat' dir='ltr'><strong>Quo</strong></span> <span class='ocrx_word' id='word_1_74' title='bbox 691 1821 806 1883; x_wconf 83' lang='lat' dir='ltr'><strong>facilius</strong></span> <span class='ocrx_word' id='word_1_75' title='bbox 823 1832 924 1883; x_wconf 85' lang='lat' dir='ltr'><strong>autem</strong></span> <span class='ocrx_word' id='word_1_76' title='bbox 943 1822 1161 1883; x_wconf 81' lang='lat' dir='ltr'><strong>scbolimtarum</strong></span> <span class='ocrx_word' id='word_1_77' title='bbox 1174 1824 1240 1884; x_wconf 85' lang='lat' dir='ltr'><strong>loca</strong></span> <span class='ocrx_word' id='word_1_78' title='bbox 1256 1824 1294 1884; x_wconf 87' lang='lat' dir='ltr'><strong>ab</strong></span> 
     </span>
     <span class='ocr_line' id='line_1_11' title="bbox 304 1927 1293 2008; baseline -0.003 -17"><span class='ocrx_word' id='word_1_79' title='bbox 304 1930 364 1991; x_wconf 83' lang='lat' dir='ltr'><strong>aliis</strong></span> <span class='ocrx_word' id='word_1_80' title='bbox 374 1929 618 2003; x_wconf 80' lang='lat' dir='ltr'><strong>discernerentur,</strong></span> <span class='ocrx_word' id='word_1_81' title='bbox 627 1927 740 1999; x_wconf 87' lang='lat' dir='ltr'><strong>litteris,</strong></span> <span class='ocrx_word' id='word_1_82' title='bbox 755 1946 830 2008; x_wconf 87' lang='lat' dir='ltr'><strong>quas</strong></span> <span class='ocrx_word' id='word_1_83' title='bbox 840 1939 991 1988; x_wconf 87' lang='lat' dir='ltr'><strong>currentes</strong></span> <span class='ocrx_word' id='word_1_84' title='bbox 1000 1927 1111 1999; x_wconf 87' lang='lat' dir='ltr'><strong>dicunt,</strong></span> <span class='ocrx_word' id='word_1_85' title='bbox 1122 1928 1293 1990; x_wconf 84' lang='lat' dir='ltr'><strong>notavimus.</strong></span> 
     </span>
     <span class='ocr_line' id='line_1_12' title="bbox 295 2031 1294 2113; baseline -0.001 -17"><span class='ocrx_word' id='word_1_86' title='bbox 295 2089 298 2096; x_wconf 28' lang='lat' dir='ltr'><strong>r</strong></span> <span class='ocrx_word' id='word_1_87' title='bbox 342 2036 389 2097; x_wconf 80' lang='lat' dir='ltr'><strong>Ab</strong></span> <span class='ocrx_word' id='word_1_88' title='bbox 407 2035 490 2095; x_wconf 82' lang='lat' dir='ltr'><strong>initio</strong></span> <span class='ocrx_word' id='word_1_89' title='bbox 513 2034 625 2095; x_wconf 86' lang='lat' dir='ltr'><strong>animus</strong></span> <span class='ocrx_word' id='word_1_90' title='bbox 638 2032 757 2113; x_wconf 87' lang='lat' dir='ltr'><strong>quidem</strong></span> <span class='ocrx_word' id='word_1_91' title='bbox 779 2031 846 2107; x_wconf 82' lang='lat' dir='ltr'><strong>fuit,</strong></span> <span class='ocrx_word' id='word_1_92' title='bbox 868 2033 995 2095; x_wconf 84' lang='lat' dir='ltr'><strong>breviter</strong></span> <span class='ocrx_word' id='word_1_93' title='bbox 1015 2044 1107 2113; x_wconf 83' lang='lat' dir='ltr'><strong>atquo</strong></span> <span class='ocrx_word' id='word_1_94' title='bbox 1130 2034 1294 2095; x_wconf 82' lang='lat' dir='ltr'><strong>summatim</strong></span> 
     </span>
     <span class='ocr_line' id='line_1_13' title="bbox 293 2137 1293 2221; baseline -0.003 -18"><span class='ocrx_word' id='word_1_95' title='bbox 293 2160 447 2211; x_wconf 62' lang='lat' dir='ltr'><strong>¹restaurare,</strong></span> <span class='ocrx_word' id='word_1_96' title='bbox 468 2138 608 2221; x_wconf 86' lang='lat' dir='ltr'><strong>quicquid</strong></span> <span class='ocrx_word' id='word_1_97' title='bbox 625 2138 663 2199; x_wconf 92' lang='lat' dir='ltr'><strong>de</strong></span> <span class='ocrx_word' id='word_1_98' title='bbox 676 2137 775 2203; x_wconf 85' lang='lat' dir='ltr'><strong>metria</strong></span> <span class='ocrx_word' id='word_1_99' title='bbox 796 2138 979 2199; x_wconf 86' lang='lat' dir='ltr'><strong>Terentianis</strong></span> <span class='ocrx_word' id='word_1_100' title='bbox 991 2157 1011 2199; x_wconf 91' lang='lat' dir='ltr'><strong>a</strong></span> <span class='ocrx_word' id='word_1_101' title='bbox 1024 2138 1144 2214; x_wconf 81' lang='lat' dir='ltr'><strong>Rufino,</strong></span> <span class='ocrx_word' id='word_1_102' title='bbox 1159 2140 1293 2219; x_wconf 78' lang='lat' dir='ltr'><strong>Antesig·</strong></span> 
     </span>
     <span class='ocr_line' id='line_1_14' title="bbox 293 2243 1290 2325; baseline 0.001 -19"><span class='ocrx_word' id='word_1_103' title='bbox 293 2265 385 2319; x_wconf 82' lang='lat' dir='ltr'><strong>nano,</strong></span> <span class='ocrx_word' id='word_1_104' title='bbox 407 2246 541 2315; x_wconf 84' lang='lat' dir='ltr'><strong>Eraamo,</strong></span> <span class='ocrx_word' id='word_1_105' title='bbox 571 2243 751 2315; x_wconf 73' lang='lat' dir='ltr'><strong>camerario,</strong></span> <span class='ocrx_word' id='word_1_106' title='bbox 775 2243 936 2323; x_wconf 72' lang='lat' dir='ltr'><strong>Scmgem,</strong></span> <span class='ocrx_word' id='word_1_107' title='bbox 967 2245 1016 2305; x_wconf 85' lang='lat' dir='ltr'><strong>Jo.</strong></span> <span class='ocrx_word' id='word_1_108' title='bbox 1030 2244 1157 2325; x_wconf 78' lang='lat' dir='ltr'><strong>Lengio,</strong></span> <span class='ocrx_word' id='word_1_109' title='bbox 1179 2246 1290 2319; x_wconf 88' lang='lat' dir='ltr'><strong>Wasio,</strong></span> 
     </span>
     <span class='ocr_line' id='line_1_15' title="bbox 304 2348 1293 2430; baseline -0.002 -19"><span class='ocrx_word' id='word_1_110' title='bbox 304 2352 397 2413; x_wconf 81' lang='lat' dir='ltr'><strong>llario</strong></span> <span class='ocrx_word' id='word_1_111' title='bbox 411 2363 443 2416; x_wconf 89' lang='lat' dir='ltr'><strong>et</strong></span> <span class='ocrx_word' id='word_1_112' title='bbox 461 2348 597 2426; x_wconf 84' lang='lat' dir='ltr'><strong>Bentlejo</strong></span> <span class='ocrx_word' id='word_1_113' title='bbox 610 2348 788 2429; x_wconf 83' lang='lat' dir='ltr'><strong>disputatum</strong></span> <span class='ocrx_word' id='word_1_114' title='bbox 799 2360 854 2409; x_wconf 87' lang='lat' dir='ltr'><strong>est.</strong></span> <span class='ocrx_word' id='word_1_115' title='bbox 894 2349 1006 2409; x_wconf 85' lang='lat' dir='ltr'><strong>Verum</strong></span> <span class='ocrx_word' id='word_1_116' title='bbox 1026 2351 1198 2430; x_wconf 75' lang='lat' dir='ltr'><strong>mngnitudo</strong></span> <span class='ocrx_word' id='word_1_117' title='bbox 1211 2351 1293 2411; x_wconf 82' lang='lat' dir='ltr'><strong>rolu-</strong></span> 
     </span>
     <span class='ocr_line' id='line_1_16' title="bbox 302 2453 1294 2536; baseline -0.007 -16"><span class='ocrx_word' id='word_1_118' title='bbox 302 2456 384 2520; x_wconf 87' lang='lat' dir='ltr'><strong>minis</strong></span> <span class='ocrx_word' id='word_1_119' title='bbox 401 2454 625 2536; x_wconf 78' lang='lat' dir='ltr'><strong>bibliopolaeque</strong></span> <span class='ocrx_word' id='word_1_120' title='bbox 645 2454 772 2523; x_wconf 73' lang='lat' dir='ltr'><strong>,rationes</strong></span> <span class='ocrx_word' id='word_1_121' title='bbox 792 2453 1002 2533; x_wconf 87' lang='lat' dir='ltr'><strong>impedimento</strong></span> <span class='ocrx_word' id='word_1_122' title='bbox 1018 2454 1147 2527; x_wconf 84' lang='lat' dir='ltr'><strong>fuerunt,</strong></span> <span class='ocrx_word' id='word_1_123' title='bbox 1167 2474 1227 2535; x_wconf 91' lang='lat' dir='ltr'><strong>quo</strong></span> <span class='ocrx_word' id='word_1_124' title='bbox 1239 2456 1294 2529; x_wconf 85' lang='lat' dir='ltr'><strong>mi-</strong></span> 
     </span>
     <span class='ocr_line' id='line_1_17' title="bbox 296 2559 1293 2637; baseline 0.001 -15"><span class='ocrx_word' id='word_1_125' title='bbox 296 2582 356 2623; x_wconf 73' lang='lat' dir='ltr'><strong>»nus</strong></span> <span class='ocrx_word' id='word_1_126' title='bbox 370 2562 489 2623; x_wconf 83' lang='lat' dir='ltr'><strong>coneilio</strong></span> <span class='ocrx_word' id='word_1_127' title='bbox 501 2561 543 2621; x_wconf 92' lang='lat' dir='ltr'><strong>illi</strong></span> <span class='ocrx_word' id='word_1_128' title='bbox 564 2560 808 2621; x_wconf 84' lang='lat' dir='ltr'><strong>satisfaceremus.</strong></span> <span class='ocrx_word' id='word_1_129' title='bbox 848 2559 944 2637; x_wconf 80' lang='lat' dir='ltr'><strong>Igitur</strong></span> <span class='ocrx_word' id='word_1_130' title='bbox 957 2580 996 2621; x_wconf 89' lang='lat' dir='ltr'><strong>ne</strong></span> <span class='ocrx_word' id='word_1_131' title='bbox 1006 2560 1099 2631; x_wconf 82' lang='lat' dir='ltr'><strong>editio</strong></span> <span class='ocrx_word' id='word_1_132' title='bbox 1113 2572 1222 2635; x_wconf 89' lang='lat' dir='ltr'><strong>nostra,</strong></span> <span class='ocrx_word' id='word_1_133' title='bbox 1238 2562 1293 2623; x_wconf 91' lang='lat' dir='ltr'><strong>hoc</strong></span> 
     </span>
     <span class='ocr_line' id='line_1_18' title="bbox 300 2665 1294 2749; baseline 0.002 -22"><span class='ocrx_word' id='word_1_134' title='bbox 300 2668 419 2749; x_wconf 81' lang='lat' dir='ltr'><strong>quidem</strong></span> <span class='ocrx_word' id='word_1_135' title='bbox 433 2668 462 2727; x_wconf 90' lang='lat' dir='ltr'><strong>in</strong></span> <span class='ocrx_word' id='word_1_136' title='bbox 480 2686 598 2747; x_wconf 87' lang='lat' dir='ltr'><strong>genere,</strong></span> <span class='ocrx_word' id='word_1_137' title='bbox 618 2684 722 2725; x_wconf 87' lang='lat' dir='ltr'><strong>manca</strong></span> <span class='ocrx_word' id='word_1_138' title='bbox 745 2677 776 2725; x_wconf 88' lang='lat' dir='ltr'><strong>et</strong></span> <span class='ocrx_word' id='word_1_139' title='bbox 795 2665 968 2745; x_wconf 82' lang='lat' dir='ltr'><strong>imperfecta</strong></span> <span class='ocrx_word' id='word_1_140' title='bbox 980 2677 1068 2738; x_wconf 86' lang='lat' dir='ltr'><strong>esset,</strong></span> <span class='ocrx_word' id='word_1_141' title='bbox 1082 2666 1209 2742; x_wconf 86' lang='lat' dir='ltr'><strong>Bentleji</strong></span> <span class='ocrx_word' id='word_1_142' title='bbox 1222 2668 1294 2729; x_wconf 90' lang='lat' dir='ltr'><strong>Dia·</strong></span> 
     </span>
     <span class='ocr_line' id='line_1_19' title="bbox 297 2770 1293 2856; baseline -0.008 -16"><span class='ocrx_word' id='word_1_143' title='bbox 297 2774 398 2840; x_wconf 76' lang='lat' dir='ltr'><strong>biberi</strong></span> <span class='ocrx_word' id='word_1_144' title='bbox 411 2773 635 2852; x_wconf 83' lang='lat' dir='ltr'><strong>adjungendam·</strong></span> <span class='ocrx_word' id='word_1_145' title='bbox 647 2792 711 2834; x_wconf 86' lang='lat' dir='ltr'><strong>ease</strong></span> <span class='ocrx_word' id='word_1_146' title='bbox 730 2770 955 2833; x_wconf 82' lang='lat' dir='ltr'><strong>existimavimus</strong></span> <span class='ocrx_word' id='word_1_147' title='bbox 972 2780 1139 2852; x_wconf 80' lang='lat' dir='ltr'><strong>propterea,</strong></span> <span class='ocrx_word' id='word_1_148' title='bbox 1153 2772 1234 2853; x_wconf 91' lang='lat' dir='ltr'><strong>quud</strong></span> <span class='ocrx_word' id='word_1_149' title='bbox 1252 2773 1293 2856; x_wconf 72' lang='lat' dir='ltr'><strong>rbi</strong></span> 
     </span>
     <span class='ocr_line' id='line_1_20' title="bbox 302 2876 1291 2959; baseline -0.002 -19"><span class='ocrx_word' id='word_1_150' title='bbox 302 2899 361 2942; x_wconf 89' lang='lat' dir='ltr'><strong>non</strong></span> <span class='ocrx_word' id='word_1_151' title='bbox 378 2879 467 2944; x_wconf 85' lang='lat' dir='ltr'><strong>modo</strong></span> <span class='ocrx_word' id='word_1_152' title='bbox 480 2879 618 2950; x_wconf 79' lang='lat' dir='ltr'><strong>breuiter,</strong></span> <span class='ocrx_word' id='word_1_153' title='bbox 640 2878 794 2959; x_wconf 86' lang='lat' dir='ltr'><strong>perspicue</strong></span> <span class='ocrx_word' id='word_1_154' title='bbox 809 2888 841 2938; x_wconf 84' lang='lat' dir='ltr'><strong>et</strong></span> <span class='ocrx_word' id='word_1_155' title='bbox 856 2876 927 2938; x_wconf 87' lang='lat' dir='ltr'><strong>satis</strong></span> <span class='ocrx_word' id='word_1_156' title='bbox 939 2877 1127 2956; x_wconf 74' lang='lat' dir='ltr'><strong>probabiliter</strong></span> <span class='ocrx_word' id='word_1_157' title='bbox 1140 2878 1224 2944; x_wconf 86' lang='lat' dir='ltr'><strong>metri</strong></span> <span class='ocrx_word' id='word_1_158' title='bbox 1246 2898 1291 2945; x_wconf 81' lang='lat' dir='ltr'><strong>ra,-</strong></span> 
     </span>
     <span class='ocr_line' id='line_1_21' title="bbox 297 2982 1292 3058; baseline -0.007 -8"><span class='ocrx_word' id='word_1_159' title='bbox 297 2987 410 3050; x_wconf 76' lang='lat' dir='ltr'><strong>fionem</strong></span> <span class='ocrx_word' id='word_1_160' title='bbox 419 2996 576 3046; x_wconf 77' lang='lat' dir='ltr'><strong>tractatam</strong></span> <span class='ocrx_word' id='word_1_161' title='bbox 589 3004 666 3058; x_wconf 89' lang='lat' dir='ltr'><strong>esse,</strong></span> <span class='ocrx_word' id='word_1_162' title='bbox 680 2984 734 3046; x_wconf 84' lang='lat' dir='ltr'><strong>sed</strong></span> <span class='ocrx_word' id='word_1_163' title='bbox 752 2983 840 3044; x_wconf 88' lang='lat' dir='ltr'><strong>etiam</strong></span> <span class='ocrx_word' id='word_1_164' title='bbox 856 2982 919 3042; x_wconf 89' lang='lat' dir='ltr'><strong>sine</strong></span> <span class='ocrx_word' id='word_1_165' title='bbox 933 2982 1060 3044; x_wconf 87' lang='lat' dir='ltr'><strong>lectione</strong></span> <span class='ocrx_word' id='word_1_166' title='bbox 1077 2982 1153 3044; x_wconf 88' lang='lat' dir='ltr'><strong>illius</strong></span> <span class='ocrx_word' id='word_1_167' title='bbox 1165 2983 1215 3043; x_wconf 84' lang='lat' dir='ltr'><strong>rix</strong></span> <span class='ocrx_word' id='word_1_168' title='bbox 1228 2984 1292 3045; x_wconf 86' lang='lat' dir='ltr'><strong>fieri</strong></span> 
     </span>
     <span class='ocr_line' id='line_1_22' title="bbox 299 3089 1292 3172; baseline -0.002 -20"><span class='ocrx_word' id='word_1_169' title='bbox 299 3111 384 3172; x_wconf 81' lang='lat' dir='ltr'><strong>posse</strong></span> <span class='ocrx_word' id='word_1_170' title='bbox 397 3091 581 3171; x_wconf 83' lang='lat' dir='ltr'><strong>putabamus,</strong></span> <span class='ocrx_word' id='word_1_171' title='bbox 595 3102 629 3150; x_wconf 91' lang='lat' dir='ltr'><strong>ut</strong></span> <span class='ocrx_word' id='word_1_172' title='bbox 644 3091 793 3170; x_wconf 80' lang='lat' dir='ltr'><strong>pleraeque</strong></span> <span class='ocrx_word' id='word_1_173' title='bbox 806 3089 930 3152; x_wconf 76' lang='lat' dir='ltr'><strong>hominia</strong></span> <span class='ocrx_word' id='word_1_174' title='bbox 942 3089 1163 3150; x_wconf 85' lang='lat' dir='ltr'><strong>emendationes</strong></span> <span class='ocrx_word' id='word_1_175' title='bbox 1176 3102 1207 3150; x_wconf 84' lang='lat' dir='ltr'><strong>et</strong></span> <span class='ocrx_word' id='word_1_176' title='bbox 1216 3111 1292 3160; x_wconf 79' lang='lat' dir='ltr'><strong>‚con-</strong></span> 
     </span>
     <span class='ocr_line' id='line_1_23' title="bbox 297 3195 1292 3277; baseline -0.003 -19"><span class='ocrx_word' id='word_1_177' title='bbox 297 3201 421 3277; x_wconf 69' lang='lat' dir='ltr'><strong>jecturae</strong></span> <span class='ocrx_word' id='word_1_178' title='bbox 438 3197 508 3258; x_wconf 82' lang='lat' dir='ltr'><strong>setis</strong></span> <span class='ocrx_word' id='word_1_179' title='bbox 529 3197 768 3276; x_wconf 80' lang='lat' dir='ltr'><strong>intelligerentur.</strong></span> <span class='ocrx_word' id='word_1_180' title='bbox 811 3195 934 3260; x_wconf 78' lang='lat' dir='ltr'><strong>Eosdem</strong></span> <span class='ocrx_word' id='word_1_181' title='bbox 956 3213 1053 3256; x_wconf 82' lang='lat' dir='ltr'><strong>cauare</strong></span> <span class='ocrx_word' id='word_1_182' title='bbox 1066 3214 1187 3275; x_wconf 76' lang='lat' dir='ltr'><strong>‚quoque</strong></span> <span class='ocrx_word' id='word_1_183' title='bbox 1204 3197 1292 3276; x_wconf 73' lang='lat' dir='ltr'><strong>pupi,-</strong></span> 
     </span>
     <span class='ocr_line' id='line_1_24' title="bbox 297 3299 1292 3383; baseline -0.003 -19"><span class='ocrx_word' id='word_1_184' title='bbox 297 3303 420 3372; x_wconf 85' lang='lat' dir='ltr'><strong>ditatem</strong></span> <span class='ocrx_word' id='word_1_185' title='bbox 435 3314 565 3365; x_wconf 77' lang='lat' dir='ltr'><strong>nuatmm</strong></span> <span class='ocrx_word' id='word_1_186' title='bbox 578 3312 778 3383; x_wconf 89' lang='lat' dir='ltr'><strong>represserunt</strong></span> <span class='ocrx_word' id='word_1_187' title='bbox 795 3309 827 3362; x_wconf 85' lang='lat' dir='ltr'><strong>et</strong></span> <span class='ocrx_word' id='word_1_188' title='bbox 839 3310 1032 3362; x_wconf 85' lang='lat' dir='ltr'><strong>coercuerunt</strong></span> <span class='ocrx_word' id='word_1_189' title='bbox 1044 3299 1232 3365; x_wconf 84' lang='lat' dir='ltr'><strong>schediasma</strong></span> <span class='ocrx_word' id='word_1_190' title='bbox 1253 3301 1292 3370; x_wconf 82' lang='lat' dir='ltr'><strong>de</strong></span> 
     </span>
     <span class='ocr_line' id='line_1_25' title="bbox 297 3405 1291 3488; baseline -0.008 -14"><span class='ocrx_word' id='word_1_191' title='bbox 297 3408 460 3480; x_wconf 69' lang='lat' dir='ltr'><strong>oecunpmie</strong></span> <span class='ocrx_word' id='word_1_192' title='bbox 480 3407 661 3488; x_wconf 83' lang='lat' dir='ltr'><strong>artificioque</strong></span> <span class='ocrx_word' id='word_1_193' title='bbox 679 3407 845 3469; x_wconf 82' lang='lat' dir='ltr'><strong>fabularum</strong></span> <span class='ocrx_word' id='word_1_194' title='bbox 859 3406 1101 3466; x_wconf 85' lang='lat' dir='ltr'><strong>Terentiansrum</strong></span> <span class='ocrx_word' id='word_1_195' title='bbox 1109 3405 1157 3465; x_wconf 89' lang='lat' dir='ltr'><strong>hio</strong></span> <span class='ocrx_word' id='word_1_196' title='bbox 1167 3407 1291 3469; x_wconf 79' lang='lat' dir='ltr'><strong>edendi.</strong></span> 
     </span>
    </p>
   </div>
   <div class='ocr_carea' id='block_1_3' title="bbox 203 3510 1291 3593">
    <p class='ocr_par' dir='ltr' id='par_1_3' title="bbox 203 3510 1291 3593">
     <span class='ocr_line' id='line_1_26' title="bbox 203 3510 1291 3593; baseline -0.004 -17"><span class='ocrx_word' id='word_1_197' title='bbox 203 3541 206 3544; x_wconf 95' lang='lat'>·</span> <span class='ocrx_word' id='word_1_198' title='bbox 301 3513 364 3582; x_wconf 83' lang='lat' dir='ltr'><strong>Etsi</strong></span> <span class='ocrx_word' id='word_1_199' title='bbox 379 3513 461 3578; x_wconf 85' lang='lat' dir='ltr'><strong>¹enim</strong></span> <span class='ocrx_word' id='word_1_200' title='bbox 475 3514 621 3584; x_wconf 86' lang='lat' dir='ltr'><strong>Donatus,</strong></span> <span class='ocrx_word' id='word_1_201' title='bbox 637 3511 787 3593; x_wconf 76' lang='lat' dir='ltr'><strong>(Deseris,</strong></span> <span class='ocrx_word' id='word_1_202' title='bbox 801 3531 869 3591; x_wconf 78' lang='lat' dir='ltr'><strong>quus</strong></span> <span class='ocrx_word' id='word_1_203' title='bbox 889 3511 970 3570; x_wconf 88' lang='lat' dir='ltr'><strong>illum</strong></span> <span class='ocrx_word' id='word_1_204' title='bbox 989 3510 1056 3576; x_wconf 80' lang='lat' dir='ltr'><strong>sere</strong></span> <span class='ocrx_word' id='word_1_205' title='bbox 1070 3511 1211 3592; x_wconf 88' lang='lat' dir='ltr'><strong>sequitur,</strong></span> <span class='ocrx_word' id='word_1_206' title='bbox 1222 3531 1291 3588; x_wconf 42' lang='lat' dir='ltr'><strong>‚roro</strong></span> 
     </span>
    </p>
   </div>
   <div class='ocr_carea' id='block_1_4' title="bbox 296 3599 1291 4746">
    <p class='ocr_par' dir='ltr' id='par_1_4' title="bbox 296 3599 1291 4746">
     <span class='ocr_line' id='line_1_27' title="bbox 299 3599 1290 3700; baseline -0.005 -20"><span class='ocrx_word' id='word_1_207' title='bbox 299 3619 466 3700; x_wconf 87' lang='lat' dir='ltr'><strong>hujusmodi</strong></span> <span class='ocrx_word' id='word_1_208' title='bbox 476 3619 632 3699; x_wconf 86' lang='lat' dir='ltr'><strong>quiequam</strong></span> <span class='ocrx_word' id='word_1_209' title='bbox 644 3619 766 3698; x_wconf 85' lang='lat' dir='ltr'><strong>profert,</strong></span> <span class='ocrx_word' id='word_1_210' title='bbox 779 3599 861 3697; x_wconf 82' lang='lat' dir='ltr'><strong>quod</strong></span> <span class='ocrx_word' id='word_1_211' title='bbox 871 3635 932 3675; x_wconf 91' lang='lat' dir='ltr'><strong>non</strong></span> <span class='ocrx_word' id='word_1_212' title='bbox 945 3614 1054 3676; x_wconf 91' lang='lat' dir='ltr'><strong>dudum</strong></span> <span class='ocrx_word' id='word_1_213' title='bbox 1067 3615 1105 3676; x_wconf 89' lang='lat' dir='ltr'><strong>sit</strong></span> <span class='ocrx_word' id='word_1_214' title='bbox 1118 3627 1290 3696; x_wconf 87' lang='lat' dir='ltr'><strong>occupatum</strong></span> 
     </span>
     <span class='ocr_line' id='line_1_28' title="bbox 298 3721 1289 3806; baseline -0.004 -20"><span class='ocrx_word' id='word_1_215' title='bbox 298 3745 317 3794; x_wconf 81' lang='lat' dir='ltr'><strong>u</strong></span> <span class='ocrx_word' id='word_1_216' title='bbox 337 3723 516 3802; x_wconf 85' lang='lat' dir='ltr'><strong>scholiaste,)</strong></span> <span class='ocrx_word' id='word_1_217' title='bbox 534 3723 643 3806; x_wconf 86' lang='lat' dir='ltr'><strong>passim</strong></span> <span class='ocrx_word' id='word_1_218' title='bbox 666 3743 720 3803; x_wconf 93' lang='lat' dir='ltr'><strong>per</strong></span> <span class='ocrx_word' id='word_1_219' title='bbox 740 3721 964 3782; x_wconf 85' lang='lat' dir='ltr'><strong>commentarios</strong></span> <span class='ocrx_word' id='word_1_220' title='bbox 989 3721 1081 3781; x_wconf 86' lang='lat' dir='ltr'><strong>multa</strong></span> <span class='ocrx_word' id='word_1_221' title='bbox 1098 3722 1202 3794; x_wconf 87' lang='lat' dir='ltr'><strong>tradit,</strong></span> <span class='ocrx_word' id='word_1_222' title='bbox 1217 3743 1289 3803; x_wconf 77' lang='lat' dir='ltr'><strong>,qum</strong></span> 
     </span>
     <span class='ocr_line' id='line_1_29' title="bbox 299 3825 1290 3908; baseline -0.007 -15"><span class='ocrx_word' id='word_1_223' title='bbox 299 3829 357 3893; x_wconf 82' lang='lat' dir='ltr'><strong>buc</strong></span> <span class='ocrx_word' id='word_1_224' title='bbox 370 3829 526 3908; x_wconf 81' lang='lat' dir='ltr'><strong>pertinent,</strong></span> <span class='ocrx_word' id='word_1_225' title='bbox 548 3847 605 3888; x_wconf 87' lang='lat' dir='ltr'><strong>nec</strong></span> <span class='ocrx_word' id='word_1_226' title='bbox 620 3827 838 3888; x_wconf 76' lang='lat' dir='ltr'><strong>contemnende</strong></span> <span class='ocrx_word' id='word_1_227' title='bbox 849 3836 924 3898; x_wconf 78' lang='lat' dir='ltr'><strong>sunt,</strong></span> <span class='ocrx_word' id='word_1_228' title='bbox 938 3845 1005 3904; x_wconf 83' lang='lat' dir='ltr'><strong>quse</strong></span> <span class='ocrx_word' id='word_1_229' title='bbox 1025 3825 1164 3887; x_wconf 86' lang='lat' dir='ltr'><strong>Heinsius</strong></span> <span class='ocrx_word' id='word_1_230' title='bbox 1176 3826 1206 3885; x_wconf 90' lang='lat' dir='ltr'><strong>in</strong></span> <span class='ocrx_word' id='word_1_231' title='bbox 1220 3828 1290 3886; x_wconf 89' lang='lat' dir='ltr'><strong>Dis·</strong></span> 
     </span>
     <span class='ocr_line' id='line_1_30' title="bbox 298 3929 1290 4002; baseline -0.001 -9"><span class='ocrx_word' id='word_1_232' title='bbox 298 3933 454 3994; x_wconf 85' lang='lat' dir='ltr'><strong>sertatione</strong></span> <span class='ocrx_word' id='word_1_233' title='bbox 465 3933 503 3992; x_wconf 90' lang='lat' dir='ltr'><strong>de</strong></span> <span class='ocrx_word' id='word_1_234' title='bbox 518 3932 625 3992; x_wconf 90' lang='lat' dir='ltr'><strong>Plauto</strong></span> <span class='ocrx_word' id='word_1_235' title='bbox 636 3933 670 3990; x_wconf 79' lang='lat' dir='ltr'><strong>&#39;et</strong></span> <span class='ocrx_word' id='word_1_236' title='bbox 684 3929 833 4002; x_wconf 90' lang='lat' dir='ltr'><strong>Terentio,</strong></span> <span class='ocrx_word' id='word_1_237' title='bbox 847 3931 919 3992; x_wconf 86' lang='lat' dir='ltr'><strong>item</strong></span> <span class='ocrx_word' id='word_1_238' title='bbox 928 3932 1033 3992; x_wconf 86' lang='lat' dir='ltr'><strong>Victor</strong></span> <span class='ocrx_word' id='word_1_239' title='bbox 1044 3933 1167 3993; x_wconf 86' lang='lat' dir='ltr'><strong>Faustus</strong></span> <span class='ocrx_word' id='word_1_240' title='bbox 1176 3933 1207 3991; x_wconf 90' lang='lat' dir='ltr'><strong>in</strong></span> <span class='ocrx_word' id='word_1_241' title='bbox 1216 3933 1290 3992; x_wconf 88' lang='lat' dir='ltr'><strong>Dia·</strong></span> 
     </span>
     <span class='ocr_line' id='line_1_31' title="bbox 298 4035 1290 4104; baseline -0.006 -4"><span class='ocrx_word' id='word_1_242' title='bbox 298 4038 374 4100; x_wconf 78' lang='lat' dir='ltr'><strong>tribe</strong></span> <span class='ocrx_word' id='word_1_243' title='bbox 389 4037 427 4096; x_wconf 90' lang='lat' dir='ltr'><strong>de</strong></span> <span class='ocrx_word' id='word_1_244' title='bbox 450 4035 603 4104; x_wconf 84' lang='lat' dir='ltr'><strong>Comoedia</strong></span> <span class='ocrx_word' id='word_1_245' title='bbox 623 4035 775 4096; x_wconf 79' lang='lat' dir='ltr'><strong>disseruit:</strong></span> <span class='ocrx_word' id='word_1_246' title='bbox 797 4036 938 4095; x_wconf 89' lang='lat' dir='ltr'><strong>nonnulla</strong></span> <span class='ocrx_word' id='word_1_247' title='bbox 954 4047 1052 4095; x_wconf 83' lang='lat' dir='ltr'><strong>tamen</strong></span> <span class='ocrx_word' id='word_1_248' title='bbox 1066 4047 1176 4096; x_wconf 86' lang='lat' dir='ltr'><strong>restare</strong></span> <span class='ocrx_word' id='word_1_249' title='bbox 1189 4036 1290 4100; x_wconf 85' lang='lat' dir='ltr'><strong>viden·</strong></span> 
     </span>
     <span class='ocr_line' id='line_1_32' title="bbox 298 4138 1291 4222; baseline -0.008 -14"><span class='ocrx_word' id='word_1_250' title='bbox 298 4153 432 4222; x_wconf 57' lang='lat' dir='ltr'><strong>tun-quse</strong></span> <span class='ocrx_word' id='word_1_251' title='bbox 444 4141 632 4222; x_wconf 87' lang='lat' dir='ltr'><strong>probabiliter</strong></span> <span class='ocrx_word' id='word_1_252' title='bbox 640 4141 686 4200; x_wconf 92' lang='lat' dir='ltr'><strong>-de</strong></span> <span class='ocrx_word' id='word_1_253' title='bbox 699 4141 753 4202; x_wconf 91' lang='lat' dir='ltr'><strong>bac</strong></span> <span class='ocrx_word' id='word_1_254' title='bbox 766 4160 808 4212; x_wconf 89' lang='lat' dir='ltr'><strong>re,</strong></span> <span class='ocrx_word' id='word_1_255' title='bbox 830 4152 861 4200; x_wconf 91' lang='lat' dir='ltr'><strong>et</strong></span> <span class='ocrx_word' id='word_1_256' title='bbox 873 4140 904 4198; x_wconf 92' lang='lat' dir='ltr'><strong>in</strong></span> <span class='ocrx_word' id='word_1_257' title='bbox 918 4159 1002 4199; x_wconf 88' lang='lat' dir='ltr'><strong>usum</strong></span> <span class='ocrx_word' id='word_1_258' title='bbox 1016 4138 1074 4199; x_wconf 90' lang='lat' dir='ltr'><strong>dici</strong></span> <span class='ocrx_word' id='word_1_259' title='bbox 1092 4140 1202 4218; x_wconf 90' lang='lat' dir='ltr'><strong>possint</strong></span> <span class='ocrx_word' id='word_1_260' title='bbox 1214 4141 1291 4200; x_wconf 84' lang='lat' dir='ltr'><strong>tiro·</strong></span> 
     </span>
     <span class='ocr_line' id='line_1_33' title="bbox 297 4245 1290 4328; baseline -0.005 -21"><span class='ocrx_word' id='word_1_261' title='bbox 297 4267 377 4318; x_wconf 88' lang='lat' dir='ltr'><strong>num,</strong></span> <span class='ocrx_word' id='word_1_262' title='bbox 386 4258 420 4308; x_wconf 90' lang='lat' dir='ltr'><strong>ut</strong></span> <span class='ocrx_word' id='word_1_263' title='bbox 432 4246 510 4328; x_wconf 81' lang='lat' dir='ltr'><strong>opud</strong></span> <span class='ocrx_word' id='word_1_264' title='bbox 522 4246 692 4306; x_wconf 89' lang='lat' dir='ltr'><strong>Terentium</strong></span> <span class='ocrx_word' id='word_1_265' title='bbox 703 4245 782 4306; x_wconf 90' lang='lat' dir='ltr'><strong>aliud</strong></span> <span class='ocrx_word' id='word_1_266' title='bbox 795 4245 941 4324; x_wconf 86' lang='lat' dir='ltr'><strong>quippiam</strong></span> <span class='ocrx_word' id='word_1_267' title='bbox 951 4255 1095 4324; x_wconf 81' lang='lat' dir='ltr'><strong>spectent,</strong></span> <span class='ocrx_word' id='word_1_268' title='bbox 1110 4263 1197 4322; x_wconf 87' lang='lat' dir='ltr'><strong>quam</strong></span> <span class='ocrx_word' id='word_1_269' title='bbox 1209 4264 1290 4328; x_wconf 76' lang='lat' dir='ltr'><strong>mern</strong></span> 
     </span>
     <span class='ocr_line' id='line_1_34' title="bbox 298 4348 1290 4430; baseline -0.002 -18"><span class='ocrx_word' id='word_1_270' title='bbox 298 4353 388 4413; x_wconf 86' lang='lat' dir='ltr'><strong>verba</strong></span> <span class='ocrx_word' id='word_1_271' title='bbox 397 4362 428 4412; x_wconf 89' lang='lat' dir='ltr'><strong>et</strong></span> <span class='ocrx_word' id='word_1_272' title='bbox 438 4351 588 4425; x_wconf 85' lang='lat' dir='ltr'><strong>formulas,</strong></span> <span class='ocrx_word' id='word_1_273' title='bbox 602 4371 667 4430; x_wconf 90' lang='lat' dir='ltr'><strong>quae</strong></span> <span class='ocrx_word' id='word_1_274' title='bbox 681 4371 740 4412; x_wconf 90' lang='lat' dir='ltr'><strong>non</strong></span> <span class='ocrx_word' id='word_1_275' title='bbox 753 4369 871 4430; x_wconf 86' lang='lat' dir='ltr'><strong>semper</strong></span> <span class='ocrx_word' id='word_1_276' title='bbox 884 4358 976 4420; x_wconf 87' lang='lat' dir='ltr'><strong>recte,</strong></span> <span class='ocrx_word' id='word_1_277' title='bbox 990 4348 1046 4408; x_wconf 89' lang='lat' dir='ltr'><strong>hoo</strong></span> <span class='ocrx_word' id='word_1_278' title='bbox 1060 4358 1114 4421; x_wconf 84' lang='lat' dir='ltr'><strong>est,</strong></span> <span class='ocrx_word' id='word_1_279' title='bbox 1129 4348 1160 4407; x_wconf 88' lang='lat' dir='ltr'><strong>in</strong></span> <span class='ocrx_word' id='word_1_280' title='bbox 1177 4349 1245 4410; x_wconf 89' lang='lat' dir='ltr'><strong>locu</strong></span> <span class='ocrx_word' id='word_1_281' title='bbox 1259 4363 1290 4410; x_wconf 91' lang='lat' dir='ltr'><strong>et</strong></span> 
     </span>
     <span class='ocr_line' id='line_1_35' title="bbox 297 4453 1290 4538; baseline -0.001 -22"><span class='ocrx_word' id='word_1_282' title='bbox 297 4469 429 4538; x_wconf 88' lang='lat' dir='ltr'><strong>tempore</strong></span> <span class='ocrx_word' id='word_1_283' title='bbox 451 4455 637 4518; x_wconf 89' lang='lat' dir='ltr'><strong>adhibentur.</strong></span> <span class='ocrx_word' id='word_1_284' title='bbox 679 4455 797 4516; x_wconf 88' lang='lat' dir='ltr'><strong>Etenim</strong></span> <span class='ocrx_word' id='word_1_285' title='bbox 817 4465 899 4515; x_wconf 89' lang='lat' dir='ltr'><strong>certe</strong></span> <span class='ocrx_word' id='word_1_286' title='bbox 913 4463 1011 4533; x_wconf 91' lang='lat' dir='ltr'><strong>potest</strong></span> <span class='ocrx_word' id='word_1_287' title='bbox 1030 4453 1130 4514; x_wconf 75' lang='lat' dir='ltr'><strong>disseri</strong></span> <span class='ocrx_word' id='word_1_288' title='bbox 1151 4454 1190 4515; x_wconf 86' lang='lat' dir='ltr'><strong>de</strong></span> <span class='ocrx_word' id='word_1_289' title='bbox 1203 4474 1290 4534; x_wconf 75' lang='lat' dir='ltr'><strong>argu·</strong></span> 
     </span>
     <span class='ocr_line' id='line_1_36' title="bbox 296 4558 1287 4638; baseline -0.004 -16"><span class='ocrx_word' id='word_1_290' title='bbox 296 4562 387 4622; x_wconf 88' lang='lat' dir='ltr'><strong>menti</strong></span> <span class='ocrx_word' id='word_1_291' title='bbox 401 4562 522 4635; x_wconf 89' lang='lat' dir='ltr'><strong>ratione,</strong></span> <span class='ocrx_word' id='word_1_292' title='bbox 532 4581 568 4622; x_wconf 90' lang='lat' dir='ltr'><strong>ac</strong></span> <span class='ocrx_word' id='word_1_293' title='bbox 583 4560 710 4631; x_wconf 87' lang='lat' dir='ltr'><strong>oonsilio,</strong></span> <span class='ocrx_word' id='word_1_294' title='bbox 731 4560 810 4638; x_wconf 88' lang='lat' dir='ltr'><strong>quod</strong></span> <span class='ocrx_word' id='word_1_295' title='bbox 824 4558 979 4619; x_wconf 89' lang='lat' dir='ltr'><strong>Terentius</strong></span> <span class='ocrx_word' id='word_1_296' title='bbox 990 4578 1056 4619; x_wconf 87' lang='lat' dir='ltr'><strong>cum</strong></span> <span class='ocrx_word' id='word_1_297' title='bbox 1070 4559 1099 4617; x_wconf 91' lang='lat' dir='ltr'><strong>in</strong></span> <span class='ocrx_word' id='word_1_298' title='bbox 1113 4560 1287 4632; x_wconf 85' lang='lat' dir='ltr'><strong>universum,</strong></span> 
     </span>
     <span class='ocr_line' id='line_1_37' title="bbox 297 4665 1286 4746; baseline 0 -20"><span class='ocrx_word' id='word_1_299' title='bbox 297 4679 358 4728; x_wconf 86' lang='lat' dir='ltr'><strong>tum</strong></span> <span class='ocrx_word' id='word_1_300' title='bbox 382 4667 412 4727; x_wconf 91' lang='lat' dir='ltr'><strong>in</strong></span> <span class='ocrx_word' id='word_1_301' title='bbox 434 4666 540 4728; x_wconf 78' lang='lat' dir='ltr'><strong>sabulis</strong></span> <span class='ocrx_word' id='word_1_302' title='bbox 569 4665 689 4745; x_wconf 80' lang='lat' dir='ltr'><strong>singulis</strong></span> <span class='ocrx_word' id='word_1_303' title='bbox 716 4665 895 4746; x_wconf 88' lang='lat' dir='ltr'><strong>sequendum</strong></span> <span class='ocrx_word' id='word_1_304' title='bbox 919 4665 1078 4746; x_wconf 85' lang='lat' dir='ltr'><strong>putaverit;</strong></span> <span class='ocrx_word' id='word_1_305' title='bbox 1102 4667 1139 4725; x_wconf 92' lang='lat' dir='ltr'><strong>de</strong></span> <span class='ocrx_word' id='word_1_306' title='bbox 1164 4685 1286 4738; x_wconf 88' lang='lat' dir='ltr'><strong>morum,</strong></span> 
     </span>
    </p>
   </div>
   <div class='ocr_carea' id='block_1_5' title="bbox 0 0 1650 5575">
    <p class='ocr_par' dir='ltr' id='par_1_5' title="bbox 0 0 1650 5575">
     <span class='ocr_line' id='line_1_38' title="bbox 0 0 1650 5575; baseline 0 1"><span class='ocrx_word' id='word_1_307' title='bbox 0 0 1650 5575; x_wconf 95' lang='lat' dir='ltr'><strong> </strong></span> 
     </span>
    </p>
   </div>
  </div>
 </body>
</html>
