3292 5575
650 684 713 749 1>ss
744 684 942 751 METRIS.
1246 684 1318 747 xiii·

271 864 438 946 genaribua.
478 865 614 929 Jambioo
627 866 769 939 trimetro,
783 868 834 948 qui
846 879 878 929 et
892 866 998 931 ranmii
1013 867 1181 932 dieunture
1197 886 1320 931 numero

270 972 388 1051 pedum
430 971 570 1033 Jambioo
589 982 770 1045 tetrametro,
784 974 834 1054 qui
852 976 890 1034 ab
906 974 969 1035 aliie
981 974 1125 1054 quadrati,
1141 975 1180 1037 ab
1193 973 1258 1035 aliie
1269 994 1321 1036 oc·

271 1080 373 1141 tonarii
402 1078 542 1139 dicuntur
564 1090 778 1139 monometrum
805 1098 842 1141 ac
868 1079 1025 1141 dimetrum
1047 1099 1114 1141 raro
1136 1078 1320 1159 interjicitur.

270 1185 307 1245 In
325 1185 383 1245 boc
403 1202 515 1265 genere
535 1182 636 1262 quovis
655 1183 723 1244 loco
742 1204 795 1263 pro
811 1184 913 1261 jambo
931 1184 1015 1265 ponit
1034 1184 1213 1265 tribrachyn,
1231 1204 1319 1266 epon-

270 1290 375 1363 dmum,
398 1290 546 1370 dactylum
570 1300 759 1369 anapaeetum,
782 1289 871 1351 modo
893 1291 981 1351 totiue
1004 1291 1138 1353 carminie
1159 1292 1320 1370 penultima

270 1398 382 1476 syllaba
402 1397 441 1457 sit
463 1395 569 1458 brevia.
611 1395 761 1475 Siquidem
782 1395 812 1457 in
834 1398 894 1458 boc
913 1414 1009 1457 rereu.
1050 1396 1173 1459 Nullum
1193 1409 1239 1459 cat
1255 1402 1318 1479 jam

269 1501 386 1574 dictum
396 1501 477 1581 quod
487 1519 547 1560 non
558 1500 669 1561 dictum
680 1502 718 1562 ait
727 1502 823 1581 priua:
838 1522 941 1564 omnea
953 1503 1087 1584 spondaei
1100 1515 1177 1576 erint,
1192 1516 1319 1587 excepto

268 1606 381 1678 ultimo,
397 1610 480 1686 cujus
494 1605 610 1685 generi·
624 1616 656 1667 et
665 1606 737 1668 alioe
750 1607 862 1687 aliquot
872 1609 1009 1690 reperiar.
1051 1608 1187 1671 Eandem
1199 1610 1319 1672 liberta·

270 1725 332 1775 tam
351 1714 439 1774 sumit
455 1714 485 1775 in
499 1712 656 1775 trochaicis
676 1715 853 1775 tetrametria
873 1713 1062 1788 catalecticia,
1079 1715 1151 1776 ratio
1168 1715 1321 1777 babemti

269 1820 357 1879 totino
371 1820 506 1881 caminia
517 1819 679 1901 penultima
691 1820 729 1881 ait
740 1821 846 1881 brevia.
885 1820 966 1881 Illud
977 1830 1086 1881 tamam
1105 1820 1213 1901 ubique
1231 1841 1318 1883 cave·

268 1938 324 1999 tur,
338 1946 377 1987 ne
389 1927 437 1988 vel
450 1929 598 1989 trocboeue
619 1928 802 2007 ingrediatur
819 1927 982 2005 jambicum
1000 1946 1127 1997 carmon,
1140 1924 1188 1986 vel
1198 1924 1319 2003 jambue

269 2032 460 2093 trochaicum.
493 2032 662 2095 Jambicum
674 2044 879 2097 tetrametrum
890 2032 1037 2093 interdurn
1050 2032 1081 2093 in
1092 2032 1153 2093 fine
1165 2030 1319 2095 fraudatur

268 2156 326 2197 una
338 2137 461 2217 syllaba,
482 2138 629 2218 producta
641 2140 811 2219 penultima,
835 2139 950 2219 quotiae
962 2137 1094 2215 jambico
1107 2137 1232 2197 dimetro
1248 2157 1319 2199 eca-

268 2240 403 2303 talertico
425 2242 568 2303 accinitur
594 2244 720 2305 dimeter
745 2244 944 2305 catalecticus.
993 2242 1095 2303 Veluti
1113 2241 1149 2317 ai,
1161 2246 1228 2323 joar
1249 2245 1318 2305 laria

268 2354 327 2404 orto
338 2348 441 2423 radere,
456 2346 575 2409 accinat
589 2348 686 2409 Cultor
699 2349 742 2407 dei
754 2358 892 2407 monmto.
932 2347 1108 2425 Quanquam
1121 2347 1152 2409 ln
1163 2348 1223 2409 hoa
1242 2368 1317 2429 quo·

268 2470 323 2529 quc
339 2470 449 2530 genere
469 2465 633 2533 umrpatnr,
653 2472 722 2514 cum
741 2452 912 2524 communie,
932 2451 972 2513 de
989 2471 1049 2530 qua
1065 2452 1177 2513 dictum
1195 2464 1252 2525 eet,
1266 2474 1317 2514 co·

267 2556 405 2617 micorum
424 2558 554 2630 libertae,
568 2571 631 2619 tum
648 2558 700 2619 illa
712 2558 876 2637 peculiaria,
894 2557 976 2637 quod
988 2576 1042 2636 pro
1057 2558 1216 2637 penultima
1226 2558 1319 2639 longa

268 2662 349 2741 ponit
369 2662 516 2723 interdum
538 2662 611 2725 duae
635 2664 750 2725 breves.
792 2662 970 2740 Exemplum
995 2672 1042 2721 eat
1062 2662 1094 2721 in
1111 2670 1196 2721 actua
1218 2663 1316 2740 quarti

267 2785 358 2828 scena
371 2768 501 2830 reconda
514 2768 673 2850 (Andriae).
714 2768 780 2830 Jom
793 2770 839 2828 ubi
851 2770 897 2828 abi
909 2770 973 2842 crit,
985 2769 1123 2828 irroratum
1138 2765 1189 2827 titt
1204 2769 1315 2841 curabo,

267 2883 293 2933 et
306 2895 405 2936 raecum
418 2877 582 2938 adductam:
603 2877 652 2938 bic
666 2875 826 2956 penultima
841 2873 984 2954 producta
996 2885 1051 2934 eat.
1091 2873 1217 2946 Ibidatn,
1236 2895 1317 2937 orare

255 2983 394 3059 juniae
414 3004 443 3042 re
463 3003 535 3042 omer
552 2986 626 3057 bero,
637 2989 702 3063 jem
723 2983 760 3042 od
779 3003 836 3040 rere
853 2981 955 3040 baem.
994 2981 1083 3054 Item,
1096 2981 1166 3041 hooc
1186 2983 1314 3059 repetivi,

263 3089 387 3166 contigit,
410 3091 572 3149 converiunt
591 3110 686 3160 morer,
706 3091 835 3148 calceat:
860 3087 890 3145 in
908 3087 953 3146 bie
973 3105 1028 3167 pro
1046 3087 1208 3166 penultima
1225 3087 1315 3167 longa

263 3203 411 3272 ponuntur
429 3194 497 3254 duae
516 3197 630 3256 brerae.
671 3195 738 3256 Hoa
756 3213 857 3256 vamur
876 3192 964 3252 etiarn
983 3203 1136 3252 remonte·
1154 3193 1314 3272 appellant.

265 3298 320 3358 Ilrt
336 3301 482 3362 acanontIa
498 3321 592 3380 genua
610 3301 802 3362 diminutum:
826 3299 906 3379 quod
919 3297 1043 3358 dimetro
1060 3298 1191 3376 jambico
1203 3299 1315 3363 accinit

264 3403 336 3464 duoe
349 3405 505 3480 trochaeos,
519 3408 640 3468 velutin
655 3418 740 3468 actua
754 3406 833 3467 tertii
846 3423 938 3482 ecem
948 3403 1090 3464 reconda.

302 3511 414 3571 Adhuc
441 3513 583 3574 Arcbillie
610 3533 676 3594 quae
706 3513 861 3574 abolent:
894 3511 944 3572 bic
971 3511 1096 3571 dimeter
1121 3519 1177 3572 eet.
1203 3529 1314 3589 Μαι

260 3623 383 3691 oportet:
405 3616 464 3678 duo
478 3629 546 3678 eant
559 3619 690 3680 trochaei.
732 3619 844 3679 Contra
856 3617 886 3676 in
904 3616 968 3678 aliia
981 3615 1100 3676 additur
1111 3636 1166 3696 par
1177 3616 1310 3695 legitimo

237 3771 242 3784 .
263 3739 393 3780 numero.
441 3721 564 3784 Interim
584 3725 661 3804 prior
683 3724 816 3785 carminis
838 3743 905 3803 pare
924 3733 971 3783 eat
990 3722 1147 3796 trochaica,
1168 3723 1313 3803 porterior

171 3838 177 3862 ¹
257 3827 396 3901 jembica,
409 3839 441 3888 et
455 3841 568 3891 comma.
610 3831 816 3891 Adrniooeotur
834 3829 980 3889 interdum
998 3840 1030 3888 et
1046 3829 1157 3900 cretici,
1170 3828 1231 3890 eive
1250 3849 1312 3890 am-

262 3931 410 4010 phimacri,
424 3933 475 4014 qui
494 3955 548 4014 pea
562 3937 687 3996 mediam
701 3935 791 3996 habet
808 3936 928 3995 brevem
941 3933 1018 3994 inter
1030 3943 1175 3994 extremae
1187 3933 1310 4012 longae:

261 4037 305 4098 ric
325 4047 358 4098 ut
378 4037 484 4118 cinguli
496 4059 596 4100 verane
613 4039 741 4100 babeant
754 4050 911 4119 quaternor
930 4047 981 4098 eut
994 4049 1095 4100 tarnoa
1108 4037 1243 4110 mationa
1256 4037 1310 4100 niti

262 4145 342 4223 quod
351 4144 400 4205 bic
410 4165 527 4226 quoque
540 4157 696 4227 uaurpetur
705 4147 824 4208 libertae
836 4144 949 4207 comica
960 4145 1037 4205 eicut
1047 4144 1080 4204 in
1089 4141 1215 4232 cetaria.
1246 4141 1311 4203 Ex·

259 4249 385 4330 emplum
406 4261 453 4310 eet
471 4249 502 4309 in
521 4252 617 4331 quarti
637 4263 719 4311 actua
740 4225 829 4311 scena
848 4249 951 4331 prima.
992 4249 1036 4310 Ut
1048 4247 1131 4308 mal'n
1148 4245 1309 4326 gaudeant,
1434 4331 1439 4341 .

258 4365 347 4434 atqua
360 4375 400 4416 ex
419 4341 618 4418 incommodis.
658 4361 792 4425 Quatuor
812 4355 912 4418 cretici
930 4365 1009 4426 eunt,
1029 4352 1084 4416 niti
1103 4353 1185 4433 quod
1204 4351 1310 4413 tertiae

259 4471 304 4522 eet
328 4461 487 4540 epondffle.
540 4463 666 4536 Ibidem,
691 4473 748 4523 tao
771 4461 1000 4540 impudentissima
1021 4479 1112 4519 rorare
1131 4456 1222 4518 oratio
1244 4465 1308 4518 ertr

125 4619 132 4630 ,
260 4563 334 4626 Trea
352 4567 445 4628 babet
461 4567 596 4631 cretiooa.
644 4569 828 4648 Quamquam
848 4565 971 4628 arbitror
990 4565 1071 4646 prim
1090 4581 1211 4626 carmen
1224 4561 1307 4624 vitia·

296 4688 371 4734 von.
394 4690 432 4732 rr.
751 4683 797 4732 a·
