3292 5575
394 721 454 777 ool
755 717 817 777 DE
850 715 1056 784 ACTUUM

389 911 485 964 porum
507 896 675 948 scenicorum
694 896 932 952 describendorum
951 898 1082 950 rationem
1102 893 1255 962 exigantur,
1270 895 1327 944 tam
1347 887 1417 943 breri

387 977 516 1044 temperis
536 978 623 1046 spatio
639 978 713 1032 intus
734 981 827 1048 peragi
846 995 902 1033 non
923 979 1081 1048 potuissent.
1115 976 1244 1030 Conferat
1263 974 1369 1044 aliquis,
1389 977 1417 1024 nt

389 1074 477 1111 unum
495 1060 592 1112 saltem
611 1061 767 1128 exemplum
789 1062 907 1124 atteram,
924 1062 953 1113 iu
973 1059 1094 1114 Terentii
1111 1057 1416 1111 Heautontimorumeno

390 1140 474 1192 tinem
490 1155 579 1192 scente
588 1144 608 1192 2
617 1144 697 1192 ectus
707 1139 744 1193 V.
779 1139 837 1194 Hic
847 1141 1030 1196 Menedemus
1046 1139 1102 1192 abit
1115 1139 1195 1203 iutro,
1205 1137 1261 1190 titio
1272 1135 1417 1188 Chremetis

388 1221 472 1288 patris
487 1222 617 1284 animum,
635 1226 669 1272 ut
686 1237 750 1288 erga
768 1222 846 1275 iilum
869 1227 948 1284 essct,
969 1227 1134 1276 ostensurus.
1169 1219 1305 1286 Loquitur
1320 1217 1417 1268 intans

387 1301 517 1355 Chremes
528 1303 584 1354 dno
595 1303 748 1367 versiculos,
757 1303 857 1372 quibus
869 1303 998 1356 absolutis
1005 1303 1063 1371 jam
1075 1301 1164 1372 prodit
1172 1299 1355 1354 Menedemus
1363 1311 1416 1349 una

387 1399 452 1435 cum
462 1383 518 1436 tilio
528 1383 688 1448 Chremetis,
694 1385 845 1449 transactis,
853 1401 917 1454 quae
925 1387 999 1438 intus
1009 1384 1179 1438 conficienda
1188 1385 1275 1444 erant,
1286 1379 1416 1432 omnibus.

387 1463 537 1516 Msuiiesto
547 1463 592 1516 bic
602 1468 722 1531 apparet,
734 1464 793 1516 brec
808 1467 900 1518 omnia
911 1467 938 1519 in
950 1481 1036 1518 unum
1050 1465 1178 1532 temporis
1193 1461 1338 1516 cucumin
1347 1475 1416 1511 com·

388 1544 467 1613 primi
480 1549 509 1597 et
528 1546 658 1598 coarctari
676 1561 729 1598 non
748 1546 876 1614 potuisse,
893 1546 945 1600 nisi
963 1547 1081 1600 absurde
1098 1548 1127 1597 et
1143 1543 1311 1612 temporibus
1324 1555 1413 1610 parum

388 1641 509 1693 congrua
519 1627 629 1679 tinxisse
641 1626 724 1680 videri
735 1628 818 1680 vellet
828 1632 917 1696 poets.
952 1627 1038 1696 Atqui
1050 1626 1141 1680 omnia
1157 1626 1240 1694 plana
1257 1627 1321 1676 sunt
1335 1625 1361 1674 et
1370 1635 1416 1674 ex-

388 1708 489 1776 pedita,
508 1708 530 1760 si
550 1723 651 1772 musas,
665 1707 709 1760 hic
726 1709 863 1763 cauticum
879 1709 1060 1762 intercessisse
1078 1709 1113 1760 sd
1133 1705 1274 1759 tibicinem
1293 1703 1414 1756 saltstum

388 1805 437 1842 scu
455 1805 613 1858 expressum
629 1789 664 1843 sb
676 1793 766 1842 actore
780 1791 916 1858 primario.
952 1789 1116 1843 Habuerunt
1129 1787 1188 1854 jem
1205 1785 1329 1839 innotui
1340 1797 1417 1835 scena

388 1870 474 1924 Attici
485 1871 579 1918 luins·
592 1870 646 1924 vid.
657 1870 740 1924 schol.
753 1871 788 1924 ad
799 1870 937 1940 Aristoph.
949 1870 1028 1924 nm.
1040 1874 1115 1924 12⁸2
1127 1869 1176 1924 sed
1188 1867 1233 1921 bic
1252 1867 1287 1920 sd
1303 1863 1415 1918 tibicinis

388 1952 485 2006 modos
495 1955 602 2020 gestum
617 1951 735 2004 iaciebat
749 1953 901 2017 comoedus,
911 1967 967 2020 quo
977 1951 1116 2004 reserenda
1127 1965 1186 2002 esse
1197 1953 1265 2018 puto
1277 1946 1357 1999 rerba
1372 1961 1418 1998 uo-

386 2038 449 2086 tstu
460 2032 616 2100 dignissima
626 2034 654 2085 in
666 2033 757 2086 Plauti
767 2033 904 2088 Pseudolo
913 2033 937 2088 1.
947 2036 974 2087 6.
989 2035 1047 2088 160.
1058 2033 1107 2085 ubi
1118 2046 1219 2096 servus
1229 2029 1300 2082 intro
1311 2041 1417 2081 conces-

388 2130 476 2182 surus,
487 2116 522 2168 sd
534 2118 714 2183 speotstores:

661 2255 767 2310 Tibicen
776 2258 927 2312 sosimenes
938 2257 1105 2313 nurum.

386 2385 442 2437 Sed
454 2385 517 2438 binc
531 2387 614 2440 etiarn
623 2387 737 2455 intelligi
748 2403 827 2458 posse
837 2391 913 2458 puto,
924 2388 990 2458 quid
1002 2389 1030 2442 in
1046 2403 1127 2442 scens
1143 2386 1295 2440 actitarent
1306 2385 1418 2438 Roscius

384 2467 440 2531 ille,
451 2483 576 2520 summus
586 2473 668 2523 vetate
678 2469 817 2522 Ciceronis
835 2471 930 2524 artilex
945 2477 974 2524 et
984 2476 1108 2539 gestuum
1121 2471 1188 2524 mira
1197 2469 1327 2524 radente
1337 2471 1365 2521 et
1374 2481 1419 2518 re-

386 2549 466 2600 ritate
483 2549 694 2616 laudatissimus,
705 2551 772 2620 quid
783 2552 910 2620 AEsopus,
921 2552 987 2621 qnid
1000 2553 1045 2605 alli
1056 2552 1172 2620 trngoedi
1183 2557 1212 2604 et
1222 2549 1342 2604 comoedi
1353 2553 1418 2600 tuuc

386 2631 515 2698 temporis
529 2632 696 2685 nobilissimi.
732 2633 811 2686 Aluit
822 2633 944 2697 Roscius,
962 2639 995 2688 nt
1007 2649 1043 2688 es
1051 2634 1171 2687 melione
1183 2631 1320 2685 Ciceronis
1328 2647 1375 2698 pro
1386 2644 1419 2680 eo

386 2713 521 2774 novimus,
534 2729 644 2781 gregem
662 2713 829 2777 histrionum,
840 2715 940 2783 quibus
948 2716 1005 2784 ipse
1016 2719 1178 2768 monstraret
1188 2717 1280 2780 gestus
1291 2716 1319 2764 ct
1334 2717 1418 2763 utem
1491 2754 1497 2766 .

386 2792 564 2849 histrioniam.
600 2795 1032 2867 Quotiescunqrpigituroperam
1042 2793 1418 2865 [edilibusaliisqqeludorum

386 2874 556 2929 scenicorum
575 2876 724 2931 editoribus
743 2878 851 2941 locaret,
866 2878 934 2945 ipset
944 2879 1018 2947 quod
1029 2894 1167 2931 summum
1182 2877 1211 2929 in
1227 2880 1285 2929 erte
1301 2872 1420 2941 ejnsba·

385 2954 510 3021 bebatur,
521 2958 711 3025 egitcsuctics
727 2958 762 3010 ad
775 2958 922 3023 tibicinem,
932 2958 1058 3012 diverbiis
1075 2959 1131 3011 siro
1149 2956 1261 3024 dialogis
1278 2955 1353 3023 gregi
1368 2970 1419 3007 suo

384 3038 493 3091 relictis.
534 3038 662 3093 Maxima
677 3040 819 3093 difficulter
839 3040 926 3093 estin
942 3056 1008 3093 roco
1027 3039 1126 3093 cantici
1146 3043 1219 3093 recte
1236 3036 1419 3104 intelligenda.

385 3118 464 3171 loos
481 3120 556 3172 unde
574 3120 609 3171 ad
625 3119 701 3173 illsm
715 3121 884 3174 enodsndam
901 3122 1027 3189 prolicere
1046 3136 1199 3189 possumus,
1214 3119 1295 3171 docte
1309 3116 1419 3183 collegit

384 3200 557 3251 acutissimus
576 3198 624 3252 Du
641 3200 858 3270 BosReflesr'oss
876 3202 995 3271 critique
1011 3220 1058 3255 rur
1075 3200 1102 3255 ls
1121 3199 1329 3272 possisetmte
1344 3198 1418 3268 peirn·
1482 3212 1487 3221 ’

385 3288 444 3331 tare
459 3283 517 3333 13.
527 3297 554 3348 p.
567 3283 626 3334 174.
647 3296 721 3349 seqq.
738 3297 820 3349 quem
836 3284 923 3335 multa
940 3282 1064 3349 sagacius
1080 3283 1255 3349 iuvestigssse
1270 3296 1352 3348 quam
1368 3279 1417 3347 qui

384 3358 438 3413 boo
446 3365 637 3427 argumentum
648 3366 798 3415 tractarunt
803 3378 899 3417 omnes
906 3364 1010 3433 reliqui,
1017 3380 1116 3433 magna
1125 3380 1190 3417 cum
1197 3362 1335 3430 voluptate
1345 3376 1418 3428 mps

386 3440 558 3509 deprehendi.
592 3442 686 3497 Multa
694 3448 898 3497 tamcurestant
908 3446 1084 3499 enucleando.
1165 3446 1168 3451 '
1319 3500 1324 3510 ,

419 3522 466 3575 lts
476 3525 516 3576 nir
525 3524 744 3589 humanissimus,
751 3542 769 3579 s
778 3542 834 3594 qno
846 3527 976 3579 tamenin
986 3526 1081 3595 paucis
1089 3526 1269 3581 dissentimus.
1296 3525 1417 3579 Primum

384 3604 459 3657 enim
470 3604 551 3657 rerba
561 3606 628 3671 Egit
638 3604 782 3659 Ambivius
793 3607 844 3659 boc
855 3607 944 3675 potius
954 3606 1074 3659 indicare
1082 3610 1158 3675 puto,
1167 3606 1327 3661 Ambivium
1338 3620 1417 3657 suam

383 3689 562 3755 actorumque
578 3702 689 3741 snomm
707 3704 801 3758 operas
815 3688 952 3741 AEdilibus
969 3688 1087 3741 locam:
1105 3688 1238 3758 siquidem
1253 3704 1319 3743 eum
1336 3688 1417 3741 modo

288 3766 291 3769 ’
383 3768 597 3837 ugerodiei,qni
614 3770 721 3823 centina
736 3771 824 3836 saltet,
836 3786 889 3823 usu
905 3770 1033 3838 loquendi
1051 3786 1104 3823 nou
1122 3772 1320 3839 comprobetur.
1356 3770 1418 3838 lpse

382 3847 558 3917 Boettigsrus
569 3850 734 3904 Prolusionis
753 3852 788 3904 de
807 3851 943 3906 actoribus
953 3852 1101 3921 primarum
1121 3852 1305 3905 secundorum
1320 3855 1349 3904 et
1366 3856 1417 3903 ter·

381 3931 482 3985 tisrum
493 3931 610 3998 partium
620 3947 682 4000 pag.
690 3936 716 3984 b.
728 3931 789 3985 bueo
800 3931 891 3999 babet,
904 3949 966 4001 quur
979 3933 1099 4001 apprime
1110 3932 1165 3986 bno
1175 3934 1292 3986 fuciunt:
1313 3937 1417 3987 veteres

381 4012 449 4065 istos
461 4011 575 4078 tragicos
587 4016 616 4064 et
632 4012 749 4065 comicos
765 4017 859 4079 poetas
878 4028 942 4065 suos
959 4014 1009 4065 sibi
1026 4014 1148 4067 addictos
1164 4013 1237 4066 etin
1256 4017 1416 4081 perpetimur

382 4094 461 4160 qussi
474 4091 658 4159 emancipstos
670 4090 798 4145 bsbuisse
808 4095 1054 4162 actores,excmpla
1062 4093 1294 4163 Cephisopbontis,
1302 4094 1350 4162 qui
1362 4094 1417 4145 Eu-

381 4173 475 4241 ripidis
492 4172 599 4227 t'sbules
614 4176 746 4241 perpetuo
762 4174 861 4239 agebat
877 4173 944 4241 (rid.
954 4172 1053 4228 Tiom.
1071 4174 1149 4243 Meg.
1160 4174 1188 4229 in
1206 4175 1263 4229 rita
1281 4174 1417 4243 Euripidis

381 4269 409 4321 p.
419 4258 463 4307 bt.
477 4253 521 4307 ed.
540 4253 651 4307 Barnes.
668 4258 698 4306 et
713 4254 804 4307 literas
821 4254 856 4307 ad
874 4254 948 4308 buno
968 4255 1213 4325 Cephisopboutem
1233 4258 1267 4310 sb
1285 4256 1416 4325 Euripide

381 4336 496 4401 scupus
507 4335 536 4387 iu
548 4334 644 4402 spuriis
659 4334 862 4405 epistolisque
878 4338 1035 4391 tribuuntur
1052 4338 1176 4407 Euripidi
1188 4344 1208 4393 t.
1220 4344 1247 4393 2.
1259 4354 1286 4409 p.
1298 4343 1357 4396 5119-
1372 4338 1416 4391 ed.

381 4414 483 4484 Beck.)
505 4420 534 4468 et
554 4415 677 4481 Cratetis,
694 4418 741 4485 qui
760 4432 824 4470 cum
843 4417 891 4471 diu
911 4418 1023 4473 Cratino
1039 4424 1128 4488 poetse
1146 4421 1250 4475 comico
1270 4422 1298 4473 in
1318 4420 1416 4472 tabulis

382 4498 494 4564 Qendb
505 4512 614 4566 opernm
624 4498 752 4563 dedisset,
763 4499 820 4568 ipse
833 4500 942 4554 tandem
954 4500 1043 4555 iectus
1054 4506 1096 4555 est
1112 4508 1192 4571 poeta
1208 4503 1273 4569 (vid.
1285 4501 1367 4555 sobet.
1379 4500 1414 4553 ad

382 4578 519 4650 Aristopb.
531 4578 626 4649 Equi.
637 4583 699 4637 tdb
708 4580 774 4639 etin
783 4581 908 4639 Fabricio
919 4582 1059 4642 unless.
1071 4588 1097 4641 2
1107 4602 1135 4655 p.
1145 4584 1219 4654 129.)
1227 4584 1292 4637 satis
1303 4582 1414 4637 demeu-
