3292 5575
314 687 406 758 ixit*
499 688 634 751 JULII
666 690 890 753 CAESARIS
920 690 1189 753 senneser

312 870 427 963 petisne
440 872 679 953 conscripserant.
720 872 830 935 Verum
843 892 911 934 cum
923 872 1107 935 etmsximus
1117 873 1161 933 vir
1169 872 1319 944 Brennus,
1333 882 1365 932 et

233 986 234 989 ’
312 990 463 1059 pusteum
475 978 607 1060 plerique
630 979 680 1039 elii
700 979 743 1041 its
764 979 842 1040 hene
862 979 1010 1050 conticere
1030 978 1210 1059 provinciam
1233 979 1364 1058 aggressi

313 1082 383 1157 sint,
397 1093 431 1143 ut
445 1095 476 1145 et
488 1084 538 1143 ille
551 1084 596 1145 his
617 1105 677 1147 non
697 1104 794 1167 peuce
803 1084 964 1167 reliquisse,
985 1085 1059 1146 ethi
1071 1085 1237 1147 esdemills
1249 1094 1300 1145 sut
1312 1103 1363 1143 ne·

313 1187 417 1269 scisse,
433 1198 484 1251 sut
496 1190 670 1271 praeteriisse
689 1190 743 1251 visi
756 1191 832 1254 sint:
853 1202 975 1253 coscms
992 1212 1067 1263 sum,
1086 1190 1224 1272 Sylvione
1234 1189 1293 1261 lili,
1306 1189 1363 1249 hec

313 1314 434 1378 ‚quoque
448 1316 539 1377 opere
551 1298 708 1361 ostendere
722 1297 850 1359 euimum
872 1317 944 1377 erge
964 1308 995 1359 te
1015 1307 1168 1359 noenum:
1189 1305 1321 1375 utqoem
1333 1295 1364 1353 in

314 1400 416 1477 locum
433 1413 545 1463 neturm
565 1423 622 1485 ope
636 1404 762 1485 teipsum
776 1404 902 1466 evehere
915 1402 1100 1475 mirabamur,
1113 1399 1217 1463 noscis
1228 1398 1364 1479 auspiciis

237 1490 242 1503 ⁵
314 1507 491 1587 promoveri,
502 1529 538 1571 sc
552 1509 704 1591 provenire
716 1530 754 1571 eo
764 1509 868 1591 porris.
908 1508 986 1569 Nem
999 1527 1069 1569 cnm
1086 1505 1300 1587 pemecesecrie
1311 1524 1364 1585 per
1471 1551 1475 1560 .

315 1631 349 1699 pe
364 1614 493 1695 cognitio
507 1616 637 1697 estipse,
650 1626 713 1678 tum
729 1615 818 1679 etiem
832 1614 857 1675 si
875 1634 936 1675 non
948 1624 1036 1690 esset,
1054 1612 1188 1673 ridentur
1200 1622 1299 1673 tumen
1311 1610 1364 1671 viri

314 1717 458 1783 illitalem
466 1721 835 1797 effecisse,siveedeorum
844 1718 1076 1801 magnitudinem
1085 1716 1365 1799 inmeere‚quemsd

314 1820 480 1901 hujusmodi
489 1826 719 1890 lucubrationem
726 1826 930 1895 demisissentr
944 1826 1007 1889 sire
1021 1824 1364 1905 negligentemrpeees.

315 1946 375 2009 qim
386 1930 518 2001 mutilem
531 1932 778 2015 deprsretemque
791 1932 1007 2013 relinquerem-
1040 1932 1089 1994 Ac
1109 1927 1232 2009 priorum
1247 1927 1366 2009 quidem

315 2054 404 2115 quem
427 2037 567 2099 Erasmus
586 2038 680 2121 effert,
700 2058 805 2100 vereor
826 2050 860 2101 ut
880 2037 1055 2119 occipiende
1075 2036 1115 2097 sit
1134 2034 1296 2097 dubitetior
1317 2032 1365 2107 sit,

315 2156 412 2225 necne
426 2140 514 2205 certis
524 2142 648 2223 pedibus
668 2144 788 2214 astricte
799 2145 951 2209 comedin.
992 2144 1071 2205 Num
1082 2159 1258 2222 quemquam
1271 2137 1365 2211 Quin·

315 2245 432 2307 ritanus
457 2248 516 2309 hoc
539 2248 648 2311 dixisse
668 2249 791 2325 videtur,
815 2270 875 2311 uon
897 2261 998 2311 temen
1018 2248 1129 2329 pedum
1148 2246 1231 2329 leges
1255 2245 1365 2327 potius,

315 2370 404 2431 quem
422 2350 619 2415 trimetrorum
639 2346 884 2435 prescriptionem
903 2354 1106 2436 desydernvit:
1129 2352 1264 2435 usquein
1273 2350 1366 2413 omni-
1479 2381 1482 2385 ⁸

315 2456 446 2530 bus‚eed
459 2458 822 2539 inTereutieuieteummr
844 2480 967 2542 quarum
977 2458 1112 2541 gretiam,
1123 2478 1212 2540 quem
1220 2456 1367 2537 elegantis

316 2562 453 2624 cretionis
469 2574 558 2647 etque
576 2565 704 2647 puritate
718 2577 910 2648 consequutoe
924 2576 1033 2637 meent,
1051 2563 1223 2625 dimnumm
1243 2564 1368 2646 putebat

315 2667 437 2731 licentia
450 2690 585 2735 versuum
595 2671 778 2751 longiorum:
800 2692 869 2735 curn
880 2683 980 2734 temen
991 2671 1113 2744 Plautus
1124 2669 1216 2734 nihilo
1228 2668 1267 2731 sit
1278 2668 1368 2731 intri-

314 2774 416 2838 metris
425 2776 616 2858 frequentior.
637 2777 708 2840 Hoc
721 2790 819 2842 sutem
834 2778 961 2862 emplius
971 2776 1077 2840 cedern
1085 2775 1117 2839 iu
1127 2774 1288 2857 questione
1301 2796 1369 2856 pec·

257 2895 260 2903 '
316 2892 368 2970 pst
392 2882 578 2945 Priscianus:
601 2883 745 2963 quosdam
767 2903 843 2956 esse,
864 2881 916 2966 qui
935 2883 967 2944 in
987 2882 1119 2946 Terentii
1138 2881 1243 2946 fabulis
1266 2893 1367 2946 extere

314 2998 411 3074 melre
421 2998 540 3068 negent,
550 2999 641 3070 etque
649 2989 774 3062 eosdem
785 2989 944 3062 tameneit.
952 2989 1002 3050 ille
1015 2989 1099 3071 qussi
1108 2987 1367 3070 arcensquedem,

316 3090 430 3174 sibique
440 3092 509 3156 solis
519 3094 638 3174 cognite
650 3095 791 3176 profiteri.
833 3095 914 3162 Quid
925 3094 1003 3156 euim
1023 3106 1070 3157 est
1085 3095 1168 3156 hoc?
1186 3081 1296 3176 negsre
1313 3115 1367 3156 nu·

315 3216 414 3258 meros
431 3197 460 3258 iu
475 3219 563 3260 versu
575 3199 722 3282 quopiam,
737 3199 914 3281 eosdemque
931 3200 1108 3262 numerosis
1117 3199 1224 3263 eodem
1236 3221 1322 3262 versu
1333 3220 1368 3266 se

315 3302 395 3364 soloe
417 3303 543 3366 dimetiri
564 3306 672 3387 possei
712 3308 803 3370 Hsuc
827 3307 1002 3370 senteutiam
1015 3325 1098 3368 more
1110 3327 1164 3369 suo
1177 3306 1216 3368 de
1233 3306 1285 3368 illo
1305 3326 1368 3372 mu·

317 3417 415 3470 metus
431 3411 578 3484 Erremus,
597 3413 827 3475 commodiorem
844 3411 932 3474 lecit:
952 3403 1054 3475 dividit
1067 3413 1144 3473 enim
1158 3433 1234 3487 eem,
1247 3418 1367 3494 ejusque

316 3525 413 3594 parter
426 3515 463 3576 ed
477 3516 593 3580 diverse
602 3517 693 3579 refert
701 3503 819 3597 judicie.
861 3504 941 3580 Alios
954 3517 1048 3597 inquit
1067 3538 1186 3598 negnre,
1200 3519 1272 3581 elios
1286 3520 1369 3600 qussi

316 3621 450 3684 inutilem
460 3641 527 3684 cem
537 3623 787 3704 investigationem
797 3625 972 3686 existimare.
998 3624 1132 3691 Quomrn
1141 3635 1288 3706 unumque
1299 3644 1368 3686 cum

315 3725 379 3808 ipse
393 3727 559 3805 rejecissetz
573 3728 652 3809 quod
660 3740 724 3792 eret
730 3729 827 3811 priore
834 3730 912 3802 loco,
919 3729 1025 3793 merito
1035 3731 1118 3812 qnasi
1122 3730 1284 3810 judicatum
1298 3729 1370 3792 orni-

317 3833 364 3896 sit.
396 3835 524 3896 Alterius
538 3845 635 3896 eutem
647 3835 789 3922 rationem
802 3837 880 3898 hene
893 3835 1020 3900 reddere
1030 3835 1162 3910 institutit,
1173 3857 1234 3897 non
1247 3854 1368 3919 operere

316 3941 443 4024 perdere
455 3961 508 4004 nos
521 3941 694 4022 indagandis
707 3961 842 4006 versuum
854 3941 1021 4024 gerentur.
1034 3942 1093 4004 hec
1115 3941 1194 4006 enirn
1216 3941 1369 4022 diligentie

318 4047 416 4122 efficit,
425 4058 459 4110 ut
470 4069 537 4129 quee
550 4047 732 4111 librariorum
744 4047 859 4116 incuria
877 4047 1062 4132 transpositae
1075 4067 1166 4110 voces
1177 4047 1244 4122 sint,
1253 4047 1312 4108 mis
1323 4067 1368 4110 ete

318 4151 437 4216 sedibus
447 4154 648 4219 restituentur.
662 4153 807 4234 quvero
816 4174 912 4234 neque
920 4155 982 4216 hoc
991 4160 1057 4218 esse
1067 4153 1262 4217 occesserinru
1272 4152 1368 4228 rideo,

320 4267 351 4318 et
369 4256 435 4338 plus
461 4259 597 4326 conferre
622 4259 765 4322 edsolutae
789 4259 927 4323 orationis
948 4260 1124 4340 libertatem.
1165 4259 1245 4324 Nem
1270 4277 1369 4338 neque

318 4362 412 4423 ubivis
423 4367 603 4446 transpositae
614 4340 934 4444 vocemversus'tollent
943 4366 1173 4428 connexionem:
1188 4375 1219 4424 et
1230 4364 1369 4444 frequen-

320 4469 429 4531 tissime
438 4469 693 4552 depreheudimus,
707 4475 745 4535 ob
758 4473 872 4546 numeri
894 4472 1100 4554 necessitatem
1118 4472 1160 4533 ite
1171 4471 1369 4551 transpositus,

320 4586 354 4640 ut
373 4575 535 4644 ocensem
551 4577 723 4642 seutentiam
737 4578 767 4640 iu
781 4577 935 4662 epistolem
948 4578 987 4642 ris
1001 4577 1149 4652 aluums,
1171 4576 1285 4658 cogeris
1305 4575 1369 4639 eliis
1478 4675 1489 4687 ·
