3292 5575
495 686 559 748 DE
593 689 779 754 METRIS
815 695 1028 762 COMICIS.
1227 708 1292 768 cri*

247 877 350 928 essent
371 867 554 950 deprompto,
576 871 774 955 humilemque
794 875 875 934 illum
893 887 924 936 et
938 877 1104 957 depressum
1116 882 1215 964 populi
1229 903 1289 944 ser·

245 991 368 1032 monem
388 973 511 1044 imitsri;
533 978 663 1055 oportuit
683 978 801 1059 insuper
819 979 941 1040 eandem
955 1003 1071 1062 quoque
1085 987 1289 1064 pronuntiandi

245 1076 401 1149 notionem,
415 1089 554 1156 quantum
564 1091 690 1159 poterat,
705 1085 831 1165 sesequi,
842 1105 901 1166 qus
913 1087 1038 1166 populus
1047 1089 1076 1148 in
1087 1093 1288 1170 congressibus

246 1191 278 1240 et
292 1182 446 1262 colloquiis
466 1183 653 1247 familiaribus
675 1197 817 1252 uteretur.
853 1192 914 1251 Hic
936 1213 1022 1254 verus
1042 1197 1286 1260 lneuiamnsere

244 1287 377 1346 omnium
388 1287 465 1360 fons,
484 1307 552 1368 quse
565 1301 677 1350 tantum
694 1294 815 1355 eruditis
828 1283 976 1374 negotium
996 1299 1129 1360 fecerunt
1140 1325 1149 1371 ς
1161 1302 1228 1364 hinc
1242 1316 1287 1364 est

243 1390 322 1469 quod
337 1393 455 1452 comicis
467 1393 563 1473 poetis
576 1394 668 1468 licuit,
680 1398 762 1475 quod
784 1399 833 1459 aiii
851 1401 923 1460 nulli
936 1413 1088 1480 poetsrum
1102 1407 1203 1486 generi
1216 1427 1286 1468 con·

244 1514 360 1558 cessum
370 1508 425 1558 est.
455 1498 564 1558 Cetera
576 1511 712 1579 poemata
723 1504 834 1583 scripto
845 1515 914 1564 sunt
924 1517 957 1565 ut
969 1507 1116 1586 legantur;
1136 1511 1284 1572 comedim

243 1608 372 1679 vero(ut
380 1604 543 1682 trsgoedise)
563 1605 768 1666 utnudiantur.
810 1609 853 1669 Ut
866 1609 954 1688 igitur
967 1631 1064 1672 eorum
1084 1633 1219 1675 numeros
1238 1617 1282 1675 in·

242 1707 417 1786 telligsmus,
431 1719 461 1770 et
470 1711 626 1770 verborum
639 1712 742 1772 modos
757 1713 814 1772 rite
828 1713 1013 1788 oestimemus,
1027 1737 1086 1777 non
1099 1729 1159 1780 tour
1172 1721 1210 1780 ad
1220 1721 1283 1780 lite-

242 1831 291 1878 ras
304 1833 372 1892 quse
381 1833 413 1874 se
422 1815 515 1874 oculis
529 1815 673 1894 ingenim,
687 1816 861 1896 insitamque
875 1838 972 1880 earum
982 1821 1171 1898 quantitatem
1186 1835 1281 1884 stteu.

244 1918 373 1978 densium
383 1929 437 1990 est,
454 1921 508 1980 sed
516 1920 555 1980 ad
566 1941 654 1982 sonos
667 1943 740 2003 quos
750 1923 902 1984 efficerent
919 1945 985 1986 cum
999 1926 1029 1986 in
1043 1947 1093 1988 ore
1106 1927 1205 2008 populi
1223 1927 1280 1990 fer·

242 2035 351 2096 rentm,
371 2026 531 2106 qualesque
545 2027 583 2086 nd
602 2043 688 2086 cures
699 2028 884 2088 accederent.

281 2131 438 2197 Quomodo
458 2131 548 2192 verbs
571 2131 792 2210 pronuntiarent
807 2135 931 2196 Veteres
950 2136 1085 2210 Romani,
1106 2157 1143 2198 ea
1162 2157 1281 2218 preser-

246 2234 374 2314 timquse
387 2235 418 2296 in
430 2235 582 2314 colloquiis
595 2247 662 2296 sunt
679 2237 882 2317 frequentioris
906 2260 983 2314 usus,
1001 2242 1090 2322 idque
1115 2243 1150 2304 iis
1168 2255 1279 2324 tempo.

244 2341 330 2413 ribus,
345 2361 413 2401 cum
437 2342 555 2402 floreret
574 2343 671 2404 sdbuc
690 2345 866 2424 respublica,
880 2366 936 2406 nec
957 2347 1025 2408 dum
1047 2347 1176 2408 civilibus
1194 2349 1278 2410 ermis

242 2447 334 2508 fracta
347 2449 400 2508 uni
413 2447 444 2506 in
461 2448 612 2527 imperium
630 2450 777 2526 cessisset,
797 2469 884 2514 nemo
899 2451 1019 2522 diresin
1033 2473 1088 2514 nec
1101 2453 1235 2532 proiecto
1248 2454 1278 2512 in

241 2553 299 2614 un
318 2532 494 2632 luguriam
506 2554 714 2633 pronuntiandi
731 2554 806 2620 raso
818 2565 902 2616 certo
915 2556 980 2616 seur
1001 2568 1106 2636 potest,
1128 2557 1228 2618 nstin
1242 2559 1277 2618 ns

242 2659 298 2738 qui.
310 2659 377 2720 vivs
386 2679 459 2722 soce
474 2660 628 2739 loquentes
639 2659 784 2720 audierint
798 2679 858 2732 eos,
873 2661 977 2739 quibus
987 2661 1087 2739 lingua
1100 2663 1138 2726 de
1148 2663 1276 2744 qussgi·

240 2774 294 2835 tur,
309 2764 397 2825 fuerit
412 2764 578 2825 vernacula.
609 2764 703 2827 Nobis
715 2763 812 2843 igitur,
829 2783 894 2825 curn
909 2764 1042 2829 Romana
1054 2763 1154 2845 lingue
1166 2785 1219 2847 per
1232 2776 1276 2829 tot

234 2873 295 2945 jam
317 2871 424 2931 secus
444 2871 475 2929 in
488 2890 541 2931 usu
555 2870 701 2931 communi
714 2890 779 2933 esse
793 2870 918 2943 desierit,
940 2870 1027 2948 longe
1048 2870 1161 2935 facinus
1179 2881 1223 2933 est
1237 2890 1287 2931 en,

237 2995 368 3036 vnsuum
378 2977 553 3037 comicorum
567 2976 773 3039 constitutione
786 2988 818 3038 et
831 2977 1012 3039 licentiarum
1024 2976 1274 3055 usupronuntisn·

239 3081 268 3139 di
280 3083 527 3155 consuetudinem,
536 3104 624 3162 quam
637 3103 674 3142 ex
681 3084 887 3163 pronuntiandi
900 3084 986 3144 modo
999 3101 1132 3144 versuum
1143 3092 1173 3141 et
1182 3081 1273 3141 licen·

237 3187 478 3248 tiammrstiones
490 3188 676 3269 investigare.
706 3190 777 3251 Hoc
798 3200 895 3250 temen
916 3210 1004 3253 nemo
1026 3209 1085 3251 non
1109 3187 1206 3259 sentit,
1222 3186 1273 3267 qui

236 3292 282 3351 vel
292 3292 396 3353 leviter
408 3294 536 3353 animum
548 3294 587 3355 sd
599 3294 665 3353 brec
678 3294 818 3365 advertat,
835 3294 865 3352 in
884 3313 1016 3353 sermone
1026 3302 1057 3353 et
1069 3292 1213 3373 colloquio
1226 3293 1271 3373 is·

235 3398 334 3459 miliari
343 3402 434 3461 verbo
445 3401 547 3472 muita,
560 3398 765 3479 eeprmsertim
775 3418 841 3476 que
852 3398 882 3457 in
891 3396 1198 3479 frequentissimorum
1205 3416 1270 3469 usu,
1394 3468 1401 3479 ἱ

235 3524 358 3583 qumque
378 3504 487 3565 nullam
500 3505 530 3563 in
543 3523 576 3565 se
590 3503 740 3583 emphasin
753 3502 873 3573 habent,
898 3522 953 3563 nec
966 3502 1137 3577 sententiam
1148 3502 1270 3561 multum

234 3607 380 3685 adjuvant,
393 3608 448 3667 sed
459 3606 542 3687 quasi
554 3607 670 3667 rmcnls
687 3605 822 3684 quedem
844 3605 978 3664 orationis
998 3606 1126 3685 pertibus
1144 3606 1269 3667 invicem

232 3710 380 3788 nectendis
390 3710 559 3781 inserviunt,
570 3710 670 3789 quoles
683 3722 752 3769 sunt
764 3709 885 3781 uticuii,
896 3710 1120 3789 prepositiones,
1133 3711 1269 3787 interjec-

233 3815 337 3887 tiones,
350 3815 577 3890 conjunctiones,
591 3825 623 3875 et
634 3813 774 3875 adverbis
784 3833 844 3873 non
857 3832 969 3893 psucs;
983 3834 1070 3875 nemo
1083 3815 1199 3893 inquam
1212 3826 1267 3887 est,
1335 3816 1340 3823 ’

232 3918 354 3998 quinon
366 3918 455 3982 sentit
471 3918 638 3999 hujusmodi
660 3918 750 3979 verba
766 3916 982 3996 quodammodo
998 3918 1169 3997 precipitari
1182 3928 1213 3977 et
1223 3918 1267 3977 ni·

232 4024 291 4084 mis
299 4024 451 4085 celeritate
461 4023 550 4094 ferri;
566 4023 596 4082 in
605 4025 701 4085 serbis
711 4025 799 4085 etium
812 4025 858 4084 sel
869 4025 1076 4104 prolixioribus,
1086 4026 1131 4085 vel
1145 4025 1267 4087 durioris

232 4129 305 4200 toni,
326 4148 451 4207 quosque
477 4127 617 4190 difficilius
636 4130 829 4209 prolemntur,
852 4129 950 4189 literns
963 4130 1033 4191 elias
1046 4129 1177 4203 emolliri,
1196 4130 1268 4192 alias

232 4232 381 4312 supprimi,
394 4252 539 4311 vocesque
557 4232 628 4293 elias
640 4233 672 4291 in
682 4233 790 4307 medio,
807 4234 878 4295 elius
888 4234 918 4293 in
930 4234 988 4293 line
1007 4234 1119 4315 syllaba
1130 4234 1267 4309 truncari,

230 4355 373 4416 suasque
395 4336 569 4417 syllabarum
591 4338 768 4417 quantitstes
790 4339 863 4397 mire
883 4338 1005 4416 corripi;
1026 4337 1121 4396 multis
1142 4330 1268 4416 denique

230 4442 325 4507 modis
349 4441 423 4503 effici
444 4453 584 4523 utquam
598 4443 746 4505 minimum
764 4442 904 4523 temporis
924 4442 1001 4503 inter
1023 4440 1267 4509 confabulandum
1302 4494 1305 4501 .

230 4546 327 4611 verbis
343 4547 526 4633 proferendis
545 4549 715 4626 insumunt,
727 4547 782 4614 nisi
795 4548 845 4611 nbi
862 4547 1059 4613 uehementior
1072 4546 1215 4629 loquentis
1226 4546 1274 4615 sii.
