3292 5575
359 706 471 768 luxi*
560 706 847 770 Joscultws
878 707 1200 772 CAMEMRIUS

361 886 402 947 Et
414 888 483 962 hoc,
498 887 543 949 la
556 890 585 958 ἡ.

518 1067 572 1128 xlv
585 1067 661 1138 dairas
671 1069 751 1136 κλέος
764 1067 852 1129 dorus
865 1067 933 1130 ὅσον
946 1067 1118 1132 iruldrurat
1130 1072 1198 1144 sirie.

361 1241 586 1321 mmm&
711 1243 715 1250 ’

675 1427 1026 1502 mmmm

357 1608 399 1669 Bt
411 1609 477 1684 hoc,
490 1610 545 1672 Οδ.
555 1610 592 1670 λ’.

425 1763 431 1790 ¹
515 1790 700 1872 ussaw
713 1735 760 1856 aa
773 1790 887 1864 aaut„
902 1787 1216 1872 catarnaum.

353 1969 466 2042 Παῖδας
489 1976 561 2054 ἀμφ·
582 1973 728 2054 spondeus
752 1953 931 2051 liquescente
952 1967 1037 2028 litera
1060 1990 1087 2034 σ,
1106 1963 1178 2025 utin
1197 1961 1393 2046 superioribus

352 2078 483 2138 versibus
499 2079 633 2138 omnibus
649 2077 746 2138 cursui
762 2076 826 2136 haec
839 2094 1025 2136 numerorum
1040 2075 1179 2145 obstaret,
1195 2071 1248 2134 uisi
1264 2060 1393 2134 remove·¹

352 2194 434 2244 retur
447 2183 695 2263 pronunciatione.
899 2245 901 2250 ,
925 2259 927 2268 y

392 2288 471 2348 Nam
483 2290 509 2348 si
521 2290 650 2350 versibus
664 2288 767 2369 aliquis
780 2287 889 2349 alienos
910 2285 1011 2366 pedes,
1034 2284 1083 2365 qui
1101 2294 1168 2345 sunt
1179 2281 1393 2365 proceleusma-

351 2393 436 2466 ticus,
451 2404 481 2454 et
495 2394 619 2454 creticus
637 2413 691 2454 seu
710 2393 899 2475 ἀμφῖμακρος,
918 2401 969 2451 aut
986 2391 1087 2451 nescio
1107 2411 1181 2470 quos
1194 2386 1265 2450 alios
1278 2379 1389 2460 luseriti

245 2493 249 2500 ⁴
350 2517 418 2558 cum
433 2508 547 2559 constet
559 2499 668 2558 heroici
681 2498 815 2560 carminis
828 2498 957 2578 proprios
976 2497 1069 2577 pedes
1089 2516 1163 2569 esse,
1185 2496 1333 2576 dactylum
1354 2514 1390 2555 ec

328 2586 521 2682 spondeum.
562 2603 697 2676 Jambici,
713 2603 853 2680 jambum,
869 2603 1031 2684 spondeum
1051 2612 1082 2661 at
1103 2601 1233 2682 spondeo
1251 2600 1389 2680 equales

350 2708 515 2783 Trochaici,
530 2710 683 2770 trocheum
696 2718 727 2770 et
740 2709 900 2791 spondeum
910 2719 939 2770 et
952 2709 1020 2769 huic
1034 2707 1171 2790 aequales,
1187 2715 1217 2768 et
1229 2706 1301 2767 alios
1314 2705 1389 2766 alius

347 2812 472 2892 generis.
513 2814 599 2873 Illum
612 2815 701 2894 igitar
711 2814 763 2894 qui
774 2816 917 2879 admiscet
928 2814 1048 2887 alienos,
1065 2832 1124 2874 non
1143 2812 1319 2873 audiendum
1331 2831 1387 2891 pu.

346 2930 451 2991 tamus,
466 2930 700 2998 corrumpentem
717 2920 850 2979 carminis
868 2919 980 2993 modos,
999 2929 1029 2979 et
1043 2933 1227 2977 numerorum
1244 2915 1386 2985 rationem

347 3025 563 3085 dissolventem.
606 3024 666 3083 Sed
675 3023 874 3104 pronunciatio
882 3024 946 3084 haec
960 3006 1215 3103 omnis'quondam
1225 3020 1305 3080 nullo
1319 3036 1386 3079 cum

345 3129 466 3209 negotio
476 3130 578 3193 etstne
588 3130 666 3189 omni
676 3130 846 3190 mmavltate
857 3130 1003 3209 explicuit.
1044 3131 1143 3195 Quare
1155 3140 1216 3187 non
1234 3122 1383 3195 mentior,

346 3254 443 3313 nequa
467 3234 635 3307 Plutarcho,
659 3234 708 3313 qui
729 3234 892 3293 Homerum
918 3233 1075 3295 studiosum
1097 3234 1183 3293 bonas
1202 3226 1386 3301 nmmon'u,

311 3414 314 3423 Ι
345 3338 584 3419 compositionem
597 3338 760 3418 neglexisse
773 3339 882 3413 scribit,
896 3349 927 3399 et
939 3338 1063 3420 primum
1079 3337 1175 3399 statim
1188 3354 1303 3396 versum
1316 3332 1383 3413 ἅμε·

345 3469 409 3526 rpov
422 3446 576 3506 extulisset

561 3620 658 3697 Μῆνιν
666 3622 740 3684 ἄειδε
752 3628 802 3684 θεὰ
816 3620 967 3696 seleucides)
978 3624 1110 3705 ἂχιλῆος.
1237 3588 1239 3595 v

342 3800 411 3860 Non
425 3800 502 3860 enim
515 3799 566 3859 ille
583 3801 624 3861 ita
637 3801 739 3861 extulit
751 3812 786 3861 ut
799 3802 982 3874 Plutarchus,
996 3804 1088 3863 multo
1100 3804 1193 3863 minus
1206 3814 1239 3862 ut
1251 3822 1314 3876 nos,
1333 3822 1380 3862 se·

340 3906 466 3965 cundum
478 3905 651 3985 perscriptas
662 3906 779 3966 literam
800 3922 895 3987 neque
909 3906 1060 3987 Sedigcro
1072 3908 1232 3969 infulcienti
1252 3908 1379 3969 creticos
1455 3898 1457 3904 ’

338 4011 369 4070 in
376 4012 518 4088 jambicos
530 4011 643 4071 modos.
683 4012 747 4071 Etsi
760 4014 798 4072 ad
810 4012 868 4072 hoc
880 4011 1022 4072 delabitur
1030 4023 1063 4073 ut
1078 4016 1212 4090 uoluptas,
1228 4010 1381 4093 anapesti·

295 4112 299 4118 ’
339 4134 404 4174 cam
416 4116 486 4173 velit
499 4135 564 4176 esse
584 4114 757 4175 dictionemr
776 4114 807 4175 id
826 4116 941 4195 quidem
959 4118 1071 4191 melius,
1092 4118 1146 4178 sed
1165 4117 1222 4176 illae
1239 4116 1378 4193 συγκοπαὶ

338 4219 583 4299 pronunciationis
595 4209 704 4280 metina
717 4221 876 4299 expediunt
892 4240 1037 4295 numeros,
1051 4214 1246 4303 mee'quidem
1259 4232 1377 4282 senten.

337 4324 387 4396 tia,
399 4335 430 4383 et
439 4325 608 4404 antiquitate
621 4336 706 4398 teste,
721 4328 804 4406 cujus
817 4347 907 4386 unum
920 4328 1007 4387 etiam
1020 4347 1097 4388 nunc
1107 4328 1274 4409 exemplum
1286 4326 1379 4389 addu-

337 4428 518 4503 cerasiam,
532 4429 672 4490 Hesiodi:
1321 4423 1329 4431 “

451 4606 566 4690 'Ampe
580 4618 680 4695 χεῖμα
693 4617 769 4688 κακὴ,
785 4612 1031 4693 dtpcci’dpymliq,
1046 4614 1168 4680 οὐδέποτ’
1180 4612 1280 4683 ἐσθλή.
