3292 5575
333 736 384 796 xri
504 732 1167 816 DlillssdTlllS,Tlilllill'lldNISq

333 935 417 988 orum
428 915 552 997 priores)
565 936 625 1000 non
644 916 787 986 volubiles
805 917 899 1009 pedes
912 918 1046 993 jambum
1073 930 1125 990 aut
1146 919 1328 1004 tribrachyn,

331 1030 368 1072 ex
382 1011 510 1093 rhythmi
523 1011 590 1093 lege
600 1032 637 1073 ac
646 1013 820 1074 Grrecorum
835 1014 989 1094 exemplo;
1004 1015 1058 1075 sed
1069 1018 1170 1078 tardos
1182 1019 1329 1100 spondeos
1347 1028 1353 1041 '

330 1108 391 1168 sive
405 1108 475 1168 elios
488 1108 531 1168 eis
546 1109 716 1190 ἱσοχρόνονς,
724 1110 881 1171 intulerint.
903 1111 1013 1171 Totum
1024 1111 1091 1183 hoc,
1106 1133 1165 1174 uno
1179 1116 1327 1197 exemplo,

329 1214 362 1265 et
374 1223 463 1264 sensu
475 1214 507 1265 et
519 1206 659 1266 memoria
675 1206 763 1267 facile
784 1207 910 1268 tenebis.
950 1205 1050 1268 Groeci
1063 1205 1102 1268 ad
1115 1208 1191 1272 hanc
1203 1212 1325 1274 sormam

329 1301 523 1382 injombicis;

458 1433 489 1481 Vi
499 1432 643 1483 odmmodsri
656 1431 662 1499 Ι
675 1431 830 1492 odmmodsri,
845 1432 974 1483 commoda.

328 1574 427 1637 Latini
440 1575 479 1636 ad
498 1575 593 1648 istam
607 1593 668 1636 non
681 1593 807 1655 semper,
828 1574 883 1636 sed
895 1575 1124 1658 quotiescunque
1138 1577 1264 1654 vellent3

457 1707 490 1757 su
503 1706 662 1758 munst
674 1707 682 1774 ι
694 1705 854 1773 mesae
866 1703 873 1771 ι
886 1704 1012 1756 umet·

327 1843 421 1908 Vides
433 1847 529 1908 muido
542 1847 705 1929 spondeum
718 1847 763 1907 bis
775 1843 903 1928 positum
917 1863 970 1926 pro
983 1841 1085 1921 jambo
1098 1847 1194 1908 modo:
1214 1857 1326 1928 posue.

326 1965 404 2006 mam
416 1945 518 2005 sedem
538 1944 648 2007 violare
667 1962 816 2024 nunquam
835 1950 903 2004 sunt
924 1940 997 2003 ausi.
1052 1941 1136 2005 Idem
1159 1955 1191 2005 et
1213 1944 1244 2007 in
1264 1957 1325 2008 tro·

326 2042 435 2103 chalcis
456 2040 586 2103 obtinet:

390 2172 481 2220 Grmoi:
513 2171 665 2220 Gmmodsvi
693 2170 855 2238 {commodari
882 2169 1048 2238 [commodari
1076 2172 1225 2240 leomods.

390 2251 484 2302 latinis
516 2251 682 2302 commendari
695 2250 702 2318 1
714 2251 874 2302 summunt
887 2250 893 2319 Ι
906 2251 1066 2302 commendavi
1079 2251 1085 2320 Ι
1098 2255 1226 2303 commoda.

324 2408 363 2470 In
375 2408 420 2468 his
433 2405 566 2489 pedibus,
586 2418 712 2487 excepto
730 2405 843 2479 ultimo,
862 2427 917 2490 pro
936 2405 1071 2469 brevibus
1084 2405 1181 2488 longae
1202 2405 1324 2489 syllabae

323 2507 530 2575 adsumunturg
550 2503 630 2586 quod
642 2515 751 2577 nmen,
762 2503 875 2583 opinor,
889 2503 978 2564 celeri
990 2503 1230 2584 pronunciatione
1238 2509 1323 2581 juva·

322 2602 375 2664 bat
389 2613 420 2663 et
432 2598 600 2663 occultabat
608 2610 699 2674 actor,
709 2619 747 2660 ne
761 2600 824 2682 ipse
838 2618 857 2661 a
869 2599 987 2662 tibicine
1003 2601 1172 2682 rhythmum
1181 2601 1322 2664 Graecum

321 2711 457 2762 semente
470 2699 659 2780 discreparet.

362 2798 453 2866 Quod
465 2797 505 2859 ad
514 2795 625 2858 crimen
639 2806 736 2857 autam
752 2797 811 2858 hoc
831 2795 936 2857 attium
944 2816 953 2866 3
980 2794 1097 2875 tragicis
1110 2793 1228 2875 quidem
1240 2804 1322 2857 sete·

321 2890 403 2957 n'bus
414 2894 509 2954 minor
520 2904 565 2953 est
579 2894 801 2963 excusatiorem
812 2910 872 2951 non
883 2890 921 2952 ad
931 2890 998 2951 artis
1009 2891 1126 2972 regulas
1139 2912 1239 2955 versus
1250 2913 1320 2955 suos

321 2991 491 3071 exegerint3
512 3008 580 3051 curn
592 2999 656 3049 toto
676 2988 743 3049 stilo
757 2998 788 3048 et
802 2987 901 3049 colore
915 3007 933 3048 a
946 2987 1093 3049 communi
1111 3007 1245 3051 sermone
1260 2990 1320 3051 dis·

321 3086 406 3161 creti,
419 3105 496 3149 nova
507 3084 597 3147 verba
616 3104 653 3146 ac
665 3082 881 3165 sesquipedalia
892 3103 946 3163 pro
966 3084 1059 3145 lubitu
1071 3084 1220 3146 finxerint.
1261 3086 1319 3147 Fu·

320 3184 443 3265 giebant
461 3182 577 3244 scilicet
594 3180 672 3241 limae
691 3181 842 3250 laborem:
861 3180 934 3241 certi
954 3200 988 3241 se
1001 3180 1075 3240 inre
1088 3190 1155 3243 ante
1167 3181 1319 3262 inexperta

320 3292 352 3341 et
371 3278 452 3360 apud
471 3298 557 3339 aures
578 3286 641 3338 tum
660 3278 793 3338 indoctas
814 3276 930 3338 veniam
949 3277 1166 3357 impetraturos.
1206 3276 1320 3339 Melius

318 3396 390 3437 vero
402 3395 439 3436 ac
452 3374 549 3435 mitius
562 3373 600 3435 de
614 3372 733 3435 comicis
753 3382 799 3434 est
817 3373 1010 3435 sentiendum.
1052 3373 1189 3435 Profecto
1205 3373 1318 3436 Teren-

319 3474 377 3535 tius
389 3481 496 3543 noster,
516 3470 707 3550 siquisquam
726 3470 810 3539 alius,
835 3472 866 3530 in
887 3469 957 3529 artis
980 3468 1062 3548 leges
1085 3481 1148 3531 arte
1166 3472 1318 3550 peccavit:

318 3570 427 3643 amdio,
443 3589 503 3629 non
520 3568 701 3648 ignorantiaz
721 3567 898 3629 necessitate
916 3566 963 3624 vel
983 3566 1087 3626 saltem
1107 3568 1316 3631 commoditate

318 3667 456 3729 inductus
470 3690 479 3736 ς
498 3675 530 3727 et
541 3666 746 3746 qualecunque
761 3663 836 3725 illud
849 3661 950 3723 delicti
964 3670 1017 3734 est,
1035 3661 1148 3743 magnis
1162 3664 1316 3727 virtutibus

318 3764 514 3825 redunturus.
561 3762 664 3822 Sermo
678 3759 854 3822 enimeade
865 3776 953 3819 causa
963 3758 1083 3838 propius
1097 3758 1175 3845 apud
1184 3770 1316 3822 nosbum

317 3862 357 3923 ad
369 3858 611 3922 consuetudinem
632 3857 759 3929 accedit,
783 3876 870 3937 quam
891 3856 969 3939 apud
983 3856 1198 3921 Menandrum:
1220 3861 1314 3921 oratio

316 3957 398 4039 apud
410 3977 502 4018 unum
515 3957 553 4017 da
567 3954 665 4016 medio
684 3962 779 4013 sumta
792 3951 889 4033 deque
906 3952 965 4013 vita
977 3952 1175 4015 honestiorum
1190 3954 1317 4028 civiunu

316 4073 417 4115 versus
429 4052 547 4113 minime
559 4051 633 4122 cavi,
647 4050 701 4111 sed
713 4048 810 4110 verbis
827 4049 1017 4130 sensibusque
1028 4050 1128 4131 spissia
1149 4051 1231 4133 apud
1241 4053 1315 4114 alts-

316 4170 391 4223 mm,
407 4150 480 4211 dnm
499 4158 594 4209 metro
613 4147 721 4208 servire
739 4156 863 4207 coactus
882 4156 937 4221 est,
952 4146 1035 4207 stilus
1047 4148 1136 4226 paulo
1154 4148 1268 4224 elatior,
1283 4162 1313 4211 et

317 4246 471 4308 sententia
493 4244 651 4305 dilutiores.
704 4243 797 4315 Adde
822 4245 890 4317 huc,
919 4254 1110 4305 consonantes
1148 4228 1180 4305 iri
1211 4245 1314 4327 lingua

316 4343 424 4405 Latina
446 4362 500 4422 pro
523 4341 667 4403 vocalium
695 4358 818 4399 numero
844 4339 1054 4419 frequentiores
1078 4360 1152 4429 esse,
1173 4362 1261 4421 quam
1281 4344 1315 4425 in

318 4440 442 4501 Attica:
470 4437 547 4498 adde
571 4436 668 4497 omnia
690 4435 769 4518 apud
786 4434 909 4497 Latinos
928 4438 1080 4512 vocabtda,
1104 4439 1312 4520 monosyllabis

317 4538 462 4597 duntaxat
485 4534 623 4614 exceptis,
650 4554 728 4597 esse‘
744 4536 909 4619 δατχῑοηας
937 4533 975 4595 de
999 4552 1058 4615 qua
1081 4553 1113 4596 re
1136 4554 1205 4598 mox
1227 4535 1313 4615 plura
1356 4557 1362 4569 ·
1414 4522 1420 4527 ¹

316 4632 430 4706 dicam;
457 4642 490 4715 ct
514 4630 599 4695 facile
629 4630 815 4714 pronuncies,
852 4628 968 4697 minoris
1001 4650 1066 4697 esse
1090 4651 1189 4717 operta
1220 4642 1325 4717 atque·
