3292 5575
373 681 450 742 cxii*
620 678 683 740 DE
714 680 900 743 METRIS
935 679 1149 744 COMICIS.

375 861 479 932 lectus,
494 870 546 920 aut
556 859 598 920 rei
616 860 655 920 de
668 879 725 940 qua
739 861 835 939 agitur
846 871 948 922 natura
965 861 1103 940 postulet,
1117 870 1150 919 ut
1169 860 1200 920 in
1220 861 1278 923 boc
1299 863 1345 923 rel
1359 859 1411 923 illo

375 965 466 1026 verbo
475 956 611 1044 insignior
620 985 702 1026 mora
710 965 772 1026 fist.

418 1072 525 1150 Siquis
540 1071 616 1131 adeo
625 1072 726 1131 barum
740 1089 836 1130 rerum
853 1071 1014 1132 incuriosus
1028 1083 1082 1144 est,
1093 1082 1127 1132 ut
1144 1073 1215 1132 nibil
1233 1089 1357 1151 unquam
1372 1071 1409 1130 de

375 1175 608 1256 pronuntiatione
621 1175 729 1255 linguas
743 1175 796 1236 sibi
809 1177 972 1236 vernaculae
983 1176 1127 1255 cogitarit,
1142 1175 1212 1255 quid
1222 1175 1307 1236 aelim
1323 1173 1409 1234 facile

376 1280 527 1359 intelliget,
542 1281 567 1339 si
583 1281 613 1340 in
626 1281 755 1341 animum
776 1291 904 1354 revocet,
922 1282 992 1361 quid
1013 1283 1075 1362 ipse
1097 1280 1228 1353 senserit,
1242 1281 1266 1340 si
1284 1299 1409 1359 unquam

375 1386 506 1446 bomincs
516 1398 629 1446 exteros
639 1387 760 1446 audierit
773 1405 907 1448 sermone
917 1390 1110 1468 peregrino-at
1119 1388 1173 1449 sibi
1181 1407 1297 1468 prorsus
1309 1387 1409 1464 ignoto

375 1489 582 1569 colloquentes.
595 1511 693 1552 nonne
706 1491 760 1573 ipsi
775 1492 907 1554 visisunt
920 1495 999 1554 miris
1010 1495 1104 1557 modia
1117 1495 1206 1555 verba
1218 1492 1408 1574 precipitare,

373 1595 511 1669 incidere,
525 1597 674 1663 devorare,
690 1607 721 1656 et
734 1597 884 1657 dimidiata
897 1599 1020 1678 plurima
1040 1602 1180 1682 proferre,
1196 1609 1228 1658 ut
1240 1599 1310 1658 nihil
1323 1597 1408 1677 plane

375 1710 406 1760 et
416 1701 549 1762 distincte
563 1703 692 1763 exauditi
705 1704 855 1783 potuerit?
877 1706 972 1766 Immo
986 1705 1035 1786 qui
1047 1717 1169 1766 eatenus
1182 1705 1309 1784 linguam
1323 1701 1411 1762 exoti-

374 1825 440 1867 cam
451 1818 563 1879 tenent,
571 1819 604 1868 ut
617 1809 725 1888 scripta
739 1810 829 1870 oculis
843 1813 977 1889 subjecta
987 1813 1080 1892 probe
1089 1809 1260 1889 intelligant,
1272 1807 1329 1867 illis
1342 1805 1410 1885 ipsis

374 1913 506 1973 homines
519 1914 620 1992 lingua
632 1915 689 1974 ista
699 1915 922 1977 confabulantes
935 1927 1017 1977 tenta
1027 1917 1176 1977 celeritate
1188 1915 1276 1974 rerba
1286 1913 1411 1973 ftmdere

374 2018 520 2090 videntur,
542 2031 576 2079 ut
600 2039 659 2079 non
683 2021 770 2080 modo
793 2022 894 2090 literoe,
918 2031 969 2080 aut
987 2020 1117 2100 syllaboe,
1132 2019 1184 2078 sed
1197 2018 1311 2097 integra
1324 2017 1410 2076 etiarn

374 2121 464 2182 verba
475 2143 554 2203 soepe
569 2143 620 2184 eos
632 2123 755 2203 fugiant.
764 2128 844 2205 quod
857 2145 924 2186 nero
941 2144 994 2184 nos
1012 2125 1050 2182 de
1065 2121 1171 2183 exteris
1182 2121 1412 2202 colloquentibus

375 2227 523 2299 sentimus,
548 2229 625 2289 idem
639 2229 681 2288 illi
694 2229 780 2290 etiam
792 2232 830 2291 de
843 2230 936 2290 nobis.
967 2228 1057 2295 Quod
1070 2225 1198 2287 ostendit
1211 2225 1268 2286 hoc
1280 2224 1409 2284 omnibus

374 2329 480 2411 linguis
488 2345 593 2393 natura
600 2334 718 2394 insitum
731 2355 805 2407 esse,
820 2347 854 2395 nt
873 2333 997 2394 celerius
1006 2331 1200 2412 proferantur,
1214 2347 1301 2410 quam
1312 2331 1410 2408 legan-

375 2447 432 2508 tur,
447 2457 515 2496 cum
531 2439 623 2499 multa
635 2429 699 2518 qnae
712 2441 799 2519 plene
816 2440 989 2508 scribuntur,
1010 2455 1069 2495 non
1079 2446 1177 2496 tamen
1186 2435 1273 2514 plene
1284 2453 1410 2514 pronun·

375 2541 503 2611 tientur;
525 2541 576 2602 sed
597 2544 861 2623 interloquendum
875 2545 932 2604 alia
944 2553 1113 2624 premantur
1127 2540 1250 2621 penitus,
1265 2541 1322 2600 alia
1332 2539 1414 2600 muti·

284 2723 285 2726 Ἴ
373 2645 479 2719 lentur,
492 2649 530 2707 ab
541 2648 603 2707 aliis
616 2648 711 2729 asperi
722 2649 829 2729 aliquid
843 2649 1006 2720 abradetur,
1028 2649 1090 2708 aliis
1102 2665 1156 2708 sua
1165 2644 1309 2726 quantitas
1323 2644 1409 2724 insig-

372 2751 449 2813 niter
469 2753 670 2824 imminuatur;
697 2754 754 2815 alis
774 2753 900 2835 denique
923 2766 984 2815 tam
1003 2754 1107 2835 raptim
1122 2751 1288 2823 efferantur,
1302 2761 1335 2810 nt
1351 2769 1410 2811 non

374 2858 462 2917 modo
477 2858 541 2916 duae
552 2870 647 2919 tresve
660 2860 791 2939 syllabae,
811 2861 865 2919 sed
875 2860 1021 2920 interdum
1035 2859 1122 2919 etiam
1140 2858 1199 2917 duo
1218 2856 1266 2916 uel
1282 2854 1411 2917 trinam·

375 2962 412 3023 ba
426 2938 457 3021 in
471 2980 559 3021 unum
568 2962 710 3023 coaluisse
718 2963 879 3024 rideantur.
911 2996 915 3005 ‹

415 3067 459 3127 Ut
467 3066 532 3127 haec
542 3068 747 3146 pronuntiandi
758 3068 831 3129 ratio
849 3070 879 3127 in
896 3088 993 3130 scaena
1006 3069 1093 3129 etiam
1108 3078 1278 3141 temeretur,
1289 3086 1409 3128 necesse

372 3170 429 3231 fuit
438 3182 471 3230 ut
480 3166 576 3250 poetae
585 3171 617 3231 in
629 3172 758 3233 versibus
769 3172 989 3253 compingendis
1002 3192 1063 3234 nou
1076 3184 1135 3233 mm
1154 3182 1330 3253 spectarent,
1341 3170 1410 3253 quid

374 3275 474 3335 oculus
487 3276 622 3354 postulat,
635 3296 720 3356 quam
733 3276 802 3357 quid
814 3278 854 3337 ab
864 3296 934 3337 sure
945 3276 1142 3347 desideretur3
1155 3276 1328 3359 qualemque
1340 3276 1411 3354 pub·

374 3380 430 3439 lice
441 3380 551 3439 recitati
560 3400 661 3440 sonum
674 3381 803 3441 effecturi
812 3393 920 3455 essent,
930 3382 1024 3463 potius
1036 3400 1123 3462 qutun
1134 3397 1191 3461 qua
1202 3380 1302 3460 specie
1312 3389 1410 3439 essem

375 3486 463 3545 tacite
474 3486 554 3546 lecti.
919 3484 924 3496 ‘

415 3590 492 3650 Haec
501 3610 571 3651 vera
584 3591 666 3671 origo
678 3602 767 3671 atque
777 3593 888 3664 unicus,
898 3593 1010 3673 opinor,
1019 3594 1085 3653 sons
1098 3593 1265 3653 lineatim
1277 3592 1339 3652 fere
1349 3610 1410 3651 om·

375 3693 463 3767 nium,
488 3714 553 3774 quaa
573 3696 603 3754 in
621 3706 752 3755 veterum
771 3697 946 3761 comicorum
967 3696 1081 3776 scriptis
1101 3708 1267 3768 occurmnt,
1287 3715 1410 3777 qumque

373 3808 468 3858 tantas
481 3798 650 3859 offensiones
661 3801 799 3877 objiciunt
807 3802 967 3863 lectoribus
982 3801 1085 3861 barum
1106 3818 1200 3860 rerum
1218 3800 1366 3881 imperitis,
1378 3810 1410 3863 et

373 3902 493 3963 eruditis
507 3890 603 3977 etism,
614 3906 662 3984 qui
673 3926 776 3967 causas
790 3926 888 3969 aarum
901 3905 1075 3985 investigare
1092 3906 1297 3985 neglexerunt.
1341 3904 1409 3965 Ple·

287 4022 291 4030 ·
373 4026 473 4087 raeque
486 4008 563 4067 enim
576 4027 676 4071 omnes
691 4012 794 4071 eodem
814 4013 949 4083 tendunt,
967 4021 1001 4071 ut
1011 4027 1096 4071 veras
1108 4011 1284 4091 syllabarum
1297 4010 1410 4091 quanti-

373 4120 446 4170 tates
472 4112 650 4187 imminuant,
679 4125 710 4174 et
729 4118 874 4196 prosodioe
896 4116 1009 4196 legibus
1029 4115 1219 4197 producenda
1243 4116 1408 4197 corripiant,

373 4232 431 4291 quo
441 4214 479 4272 nd
489 4218 657 4295 popularem
671 4220 810 4299 loquendi
826 4222 1063 4283 consuetudinem
1076 4222 1140 4303 ipsa
1157 4242 1274 4304 quoque
1286 4240 1411 4303 pronun·
1451 4250 1453 4257 ·

372 4316 492 4377 datione
510 4322 630 4399 propius
642 4322 798 4385 accedant:
819 4346 907 4406 quam
924 4329 994 4387 dum
1019 4338 1232 4401 consectantur,
1256 4328 1409 4407 longitudo

373 4422 469 4483 illaex
479 4430 697 4489 consonantium
710 4432 852 4512 positione
870 4442 931 4493 orta
943 4432 1049 4495 frustra
1059 4433 1095 4495 iis
1108 4434 1218 4505 obstst;
1240 4434 1270 4493 in
1287 4432 1409 4513 syllaba

372 4527 534 4612 quantitate
551 4532 718 4598 munda
729 4538 769 4601 ad
788 4537 897 4601 vocalis
912 4539 1096 4603 solummodo
1112 4548 1254 4617 musam,
1273 4556 1340 4621 quas
1353 4536 1409 4623 syl·
