3292 5575
374 578 442 650 344
692 575 1059 641 ARGUMENTUM.

374 763 514 824 adversus
534 760 643 821 Getam
651 771 687 820 ct
701 760 877 821 Phoedriam.
920 761 1013 820 Tertio
1032 760 1111 820 actui
1134 755 1304 820 attribuitur
1316 753 1372 815 liti·

375 859 456 938 glum
469 858 547 919 senis
569 867 600 917 et
620 857 818 918 Phormionis:
840 867 902 916 tum
921 856 1096 918 consultatio
1118 875 1184 918 cum
1198 853 1370 916 advocatis:

375 966 439 1014 turn
448 953 620 1033 Antiphonis
633 953 664 1012 in
676 971 792 1014 scenam
805 953 928 1030 reditus,
939 953 1175 1034 colloquiumque
1188 971 1258 1012 cum
1273 950 1371 1010 Geta:

374 1061 439 1110 tum
451 1048 564 1109 lenonis
578 1059 608 1109 ct
633 1045 778 1108 Phoedriee
800 1047 986 1111 colluctatio:
1007 1059 1070 1110 tum
1092 1049 1259 1110 adhortatio
1282 1046 1371 1106 Getae

375 1147 415 1208 de
436 1146 611 1207 inveniendo
633 1156 757 1225 argento
777 1145 816 1206 ad
838 1145 1036 1207 redimendam
1060 1145 1204 1208 Phoedrioe
1228 1141 1371 1204 Citharis-

374 1244 470 1304 mam.
511 1242 648 1310 Quartam
666 1254 765 1302 actum
786 1243 843 1303 ista
860 1243 1088 1304 concelebrant:
1108 1242 1253 1303 adventus
1276 1239 1370 1300 Chre·

374 1339 471 1411 metis,
490 1338 679 1419 ejusdemque
704 1356 772 1398 cum
794 1337 886 1397 fratre
911 1336 1082 1397 deliberatio
1104 1356 1159 1419 per
1180 1355 1312 1398 errorem
1332 1333 1371 1392 de

374 1435 521 1515 ejicienda
542 1434 673 1494 Phanio:
694 1432 782 1493 Getoe
795 1434 885 1493 verba
907 1432 945 1492 rle
963 1432 1100 1493 fallendis
1122 1433 1262 1494 senibus:
1284 1428 1371 1490 Anti·

375 1532 481 1614 phonis
504 1531 596 1593 oratio
616 1529 696 1608 apud
715 1528 916 1612 semetipsum
928 1527 966 1614 de
978 1529 1260 1605 amorctractantis:
1282 1526 1370 1585 Geta

373 1648 473 1702 rursus
484 1646 553 1688 cum
565 1625 682 1686 senibm
691 1624 805 1699 callida,
817 1637 848 1686 et
860 1645 927 1686 mox
941 1644 1008 1688 curn
1028 1625 1195 1705 Antiphone
1209 1623 1248 1688 de
1263 1621 1370 1684 cadero

374 1711 464 1793 caum
475 1712 598 1806 simplex
611 1720 797 1802 *disputatiot
815 1741 917 1782 senum
930 1723 1005 1784 inter
1027 1741 1060 1784 se
1074 1720 1252 1803 colloquium
1272 1718 1313 1778 de
1323 1735 1372 1778 ex.

373 1819 506 1904 pubicae
519 1817 665 1881 mulieris:
686 1827 717 1878 et
728 1817 768 1906 ari
780 1828 948 1881 extremum
966 1819 1056 1880 verba
1079 1815 1243 1881 Chremetis
1268 1832 1372 1894 agnos

373 1916 467 1980 centis
481 1915 634 1987 nutricem,
645 1933 819 1999 coporeum
831 1915 919 1978 liliam
932 1935 1013 1999 suam
1027 1936 1095 1977 cum
1114 1914 1288 1996 Antiphone
1301 1931 1370 1972 con·

369 2018 523 2091 iunctam
554 2011 592 2072 In
606 2013 699 2088 quinio
711 2021 780 2095 actu
800 2031 855 2097 por
875 2012 1068 2094 Demiphoois
1082 2031 1211 2082 errorem
1230 2007 1370 2072 Phormio

374 2097 483 2193 accipit
507 2096 661 2198 argentum
685 2107 922 2195 dotisnomincg¹
935 2119 966 2172 ct
977 2109 1160 2188 'convenitur
1174 2107 1371 2176 Nausistrata,

374 2217 409 2266 ut
421 2206 500 2296 exire
514 2193 605 2292 domo
618 2205 775 2290 compellat
790 2205 943 2290 Pharium.
961 2269 964 2282 ,
983 2205 1150 2288 Nuqoiatur
1164 2202 1329 2284 Antiphoni
1341 2207 1370 2262 et

379 2301 546 2365 Phormioni
556 2322 612 2389 per
624 2303 744 2386 Getam,
757 2303 927 2389 Phaniums
943 2313 1029 2386 patre
1040 2299 1177 2384 agnitam,
1186 2300 1370 2384 permissam·

375 2419 434 2479 que
453 2411 487 2460 ut
509 2399 759 2483 uxornhaheatur.
780 2420 848 2482 qum
869 2419 958 2483 quum
978 2398 1019 2462 ita
1031 2411 1123 2482 nupta
1135 2400 1183 2472 sit,
1197 2395 1368 2478 exposcitur

375 2504 559 2576 argentumn
573 2495 749 2580 ¹l'hormione
770 2516 825 2578 per
847 2497 939 2558 rixam
959 2516 1083 2558 senum:
1104 2497 1239 2580 aquibus
1250 2495 1304 2556 ille
1318 2512 1368 2572 op·

376 2612 504 2675 pressus,
527 2613 592 2662 rem
614 2614 730 2676 omnem
755 2593 850 2676 aperit
873 2593 1073 2678 Nausistrata.
1091 2594 1131 2674 ad
1151 2592 1368 2674 quodprimurn

375 2690 461 2764 irata,
474 2702 510 2754 ut
519 2691 551 2752 in
572 2692 625 2752 tali
643 2711 675 2751 rc
687 2711 771 2772 uxor,
784 2711 859 2773 mox·
868 2691 973 2776 lenitur
985 2690 1017 2751 in
1028 2691 1087 2774 line
1101 2691 1217 2772 fabula,
1231 2699 1265 2752 et
1286 2685 1368 2752 hstis

376 2786 480 2869 Qum
493 2809 513 2849 a
523 2787 614 2871 patris
626 2777 778 2852 iracundia
785 2798 905 2871 prostat
915 2787 1089 2851 Phaedrim.
