<?xml version="1.0" encoding="UTF-8"?>
<!DOCTYPE html PUBLIC "-//W3C//DTD XHTML 1.0 Transitional//EN"
    "http://www.w3.org/TR/xhtml1/DTD/xhtml1-transitional.dtd">
<html xmlns="http://www.w3.org/1999/xhtml" xml:lang="en" lang="en">
 <head>
  <title>
</title>
<meta http-equiv="Content-Type" content="text/html;charset=utf-8" />
  <meta name='ocr-system' content='tesseract 3.04.00' />
  <meta name='ocr-capabilities' content='ocr_page ocr_carea ocr_par ocr_line ocrx_word'/>
</head>
<body>
  <div class='ocr_page' id='page_1' title='image "./pterentiicartha01ruhngoog/pterentiicartha01ruhngoog_0026.png"; bbox 0 0 3292 5575; ppageno 0'>
   <div class='ocr_carea' id='block_1_1' title="bbox 318 708 1077 775">
    <p class='ocr_par' dir='ltr' id='par_1_1' title="bbox 318 708 1077 775">
     <span class='ocr_line' id='line_1_1' title="bbox 318 708 1077 775; baseline 0 -3"><span class='ocrx_word' id='word_1_1' title='bbox 318 710 388 773; x_wconf 68' lang='lat' dir='ltr'><strong>xvi*</strong></span> <span class='ocrx_word' id='word_1_2' title='bbox 605 710 736 774; x_wconf 76' lang='lat' dir='ltr'><strong>ttlvtt</strong></span> <span class='ocrx_word' id='word_1_3' title='bbox 767 708 1077 775; x_wconf 70' lang='lat' dir='ltr'><strong>caemcnto.</strong></span> 
     </span>
    </p>
   </div>
   <div class='ocr_carea' id='block_1_2' title="bbox 318 888 1402 1604">
    <p class='ocr_par' dir='ltr' id='par_1_2' title="bbox 318 888 1402 1604">
     <span class='ocr_line' id='line_1_2' title="bbox 323 888 1372 971; baseline -0.004 -18"><span class='ocrx_word' id='word_1_4' title='bbox 323 891 423 953; x_wconf 72' lang='lat' dir='ltr'><strong>chaos</strong></span> <span class='ocrx_word' id='word_1_5' title='bbox 443 890 581 953; x_wconf 83' lang='lat' dir='ltr'><strong>metiaris.</strong></span> <span class='ocrx_word' id='word_1_6' title='bbox 599 888 681 953; x_wconf 81' lang='lat' dir='ltr'><strong>velut</strong></span> <span class='ocrx_word' id='word_1_7' title='bbox 699 890 731 951; x_wconf 86' lang='lat' dir='ltr'><strong>in</strong></span> <span class='ocrx_word' id='word_1_8' title='bbox 750 903 836 953; x_wconf 81' lang='lat' dir='ltr'><strong>aetus</strong></span> <span class='ocrx_word' id='word_1_9' title='bbox 851 891 930 955; x_wconf 80' lang='lat' dir='ltr'><strong>tertii</strong></span> <span class='ocrx_word' id='word_1_10' title='bbox 945 910 1037 954; x_wconf 81' lang='lat' dir='ltr'><strong>scena</strong></span> <span class='ocrx_word' id='word_1_11' title='bbox 1054 900 1169 971; x_wconf 78' lang='lat' dir='ltr'><strong>quarte,</strong></span> <span class='ocrx_word' id='word_1_12' title='bbox 1185 892 1289 951; x_wconf 73' lang='lat' dir='ltr'><strong>etism</strong></span> <span class='ocrx_word' id='word_1_13' title='bbox 1305 891 1372 949; x_wconf 73' lang='lat' dir='ltr'><strong>miii</strong></span> 
     </span>
     <span class='ocr_line' id='line_1_3' title="bbox 322 996 1371 1077; baseline -0.002 -20"><span class='ocrx_word' id='word_1_14' title='bbox 322 1006 391 1057; x_wconf 69' lang='lat' dir='ltr'><strong>etad</strong></span> <span class='ocrx_word' id='word_1_15' title='bbox 411 998 517 1077; x_wconf 81' lang='lat' dir='ltr'><strong>aliquid</strong></span> <span class='ocrx_word' id='word_1_16' title='bbox 536 996 579 1057; x_wconf 80' lang='lat' dir='ltr'><strong>iic</strong></span> <span class='ocrx_word' id='word_1_17' title='bbox 596 1016 648 1076; x_wconf 80' lang='lat' dir='ltr'><strong>quo</strong></span> <span class='ocrx_word' id='word_1_18' title='bbox 666 1016 737 1058; x_wconf 78' lang='lat' dir='ltr'><strong>cecc</strong></span> <span class='ocrx_word' id='word_1_19' title='bbox 756 1016 799 1056; x_wconf 78' lang='lat' dir='ltr'><strong>tce</strong></span> <span class='ocrx_word' id='word_1_20' title='bbox 817 999 983 1075; x_wconf 68' lang='lat' dir='ltr'><strong>precipitem</strong></span> <span class='ocrx_word' id='word_1_21' title='bbox 1000 999 1101 1057; x_wconf 63' lang='lat' dir='ltr'><strong>m.</strong></span> <span class='ocrx_word' id='word_1_22' title='bbox 1143 997 1176 1057; x_wconf 80' lang='lat' dir='ltr'><strong>si</strong></span> <span class='ocrx_word' id='word_1_23' title='bbox 1195 996 1371 1056; x_wconf 80' lang='lat' dir='ltr'><strong>miii-facias</strong></span> 
     </span>
     <span class='ocr_line' id='line_1_4' title="bbox 318 1100 1402 1184; baseline -0.005 -21"><span class='ocrx_word' id='word_1_24' title='bbox 318 1102 435 1164; x_wconf 84' lang='lat' dir='ltr'><strong>unicam</strong></span> <span class='ocrx_word' id='word_1_25' title='bbox 452 1102 606 1184; x_wconf 74' lang='lat' dir='ltr'><strong>syllabam,</strong></span> <span class='ocrx_word' id='word_1_26' title='bbox 625 1102 792 1165; x_wconf 71' lang='lat' dir='ltr'><strong>trochaicus</strong></span> <span class='ocrx_word' id='word_1_27' title='bbox 813 1113 873 1176; x_wconf 83' lang='lat' dir='ltr'><strong>est:</strong></span> <span class='ocrx_word' id='word_1_28' title='bbox 895 1102 923 1162; x_wconf 90' lang='lat' dir='ltr'><strong>si</strong></span> <span class='ocrx_word' id='word_1_29' title='bbox 937 1102 1021 1174; x_wconf 88' lang='lat' dir='ltr'><strong>duas,</strong></span> <span class='ocrx_word' id='word_1_30' title='bbox 1037 1101 1181 1179; x_wconf 85' lang='lat' dir='ltr'><strong>jambieus</strong></span> <span class='ocrx_word' id='word_1_31' title='bbox 1199 1111 1263 1161; x_wconf 82' lang='lat' dir='ltr'><strong>cst:</strong></span> <span class='ocrx_word' id='word_1_32' title='bbox 1282 1100 1370 1179; x_wconf 75' lang='lat' dir='ltr'><strong>quale</strong></span> <span class='ocrx_word' id='word_1_33' title='bbox 1399 1124 1402 1128; x_wconf 94' lang='lat'>·</span> 
     </span>
     <span class='ocr_line' id='line_1_5' title="bbox 319 1206 1371 1287; baseline -0.004 -20"><span class='ocrx_word' id='word_1_34' title='bbox 319 1216 367 1267; x_wconf 74' lang='lat' dir='ltr'><strong>att</strong></span> <span class='ocrx_word' id='word_1_35' title='bbox 383 1218 414 1268; x_wconf 80' lang='lat' dir='ltr'><strong>et</strong></span> <span class='ocrx_word' id='word_1_36' title='bbox 431 1206 462 1267; x_wconf 89' lang='lat' dir='ltr'><strong>in</strong></span> <span class='ocrx_word' id='word_1_37' title='bbox 475 1217 560 1273; x_wconf 68' lang='lat' dir='ltr'><strong>emus</strong></span> <span class='ocrx_word' id='word_1_38' title='bbox 575 1210 616 1272; x_wconf 82' lang='lat' dir='ltr'><strong>V.</strong></span> <span class='ocrx_word' id='word_1_39' title='bbox 630 1227 674 1269; x_wconf 75' lang='lat' dir='ltr'><strong>sc.</strong></span> <span class='ocrx_word' id='word_1_40' title='bbox 686 1208 715 1268; x_wconf 89' lang='lat'><strong>1.</strong></span> <span class='ocrx_word' id='word_1_41' title='bbox 756 1207 835 1267; x_wconf 75' lang='lat' dir='ltr'><strong>Satis</strong></span> <span class='ocrx_word' id='word_1_42' title='bbox 849 1210 914 1287; x_wconf 79' lang='lat' dir='ltr'><strong>jam</strong></span> <span class='ocrx_word' id='word_1_43' title='bbox 932 1209 1003 1266; x_wconf 81' lang='lat' dir='ltr'><strong>satia</strong></span> <span class='ocrx_word' id='word_1_44' title='bbox 1022 1206 1097 1267; x_wconf 82' lang='lat' dir='ltr'><strong>Simo</strong></span> <span class='ocrx_word' id='word_1_45' title='bbox 1114 1212 1238 1285; x_wconf 64' lang='lat' dir='ltr'><strong>matulo</strong></span> <span class='ocrx_word' id='word_1_46' title='bbox 1255 1226 1323 1285; x_wconf 78' lang='lat' dir='ltr'><strong>ergo</strong></span> <span class='ocrx_word' id='word_1_47' title='bbox 1342 1213 1371 1264; x_wconf 82' lang='lat' dir='ltr'><strong>te</strong></span> 
     </span>
     <span class='ocr_line' id='line_1_6' title="bbox 321 1309 1372 1393; baseline 0 -22"><span class='ocrx_word' id='word_1_48' title='bbox 321 1311 444 1371; x_wconf 74' lang='lat' dir='ltr'><strong>muisdia</strong></span> <span class='ocrx_word' id='word_1_49' title='bbox 460 1321 502 1371; x_wconf 83' lang='lat' dir='ltr'><strong>est</strong></span> <span class='ocrx_word' id='word_1_50' title='bbox 514 1331 582 1373; x_wconf 82' lang='lat' dir='ltr'><strong>mea.</strong></span> <span class='ocrx_word' id='word_1_51' title='bbox 623 1313 700 1373; x_wconf 84' lang='lat' dir='ltr'><strong>Item</strong></span> <span class='ocrx_word' id='word_1_52' title='bbox 718 1331 856 1393; x_wconf 87' lang='lat' dir='ltr'><strong>sequena,</strong></span> <span class='ocrx_word' id='word_1_53' title='bbox 868 1310 939 1373; x_wconf 88' lang='lat' dir='ltr'><strong>satis</strong></span> <span class='ocrx_word' id='word_1_54' title='bbox 951 1311 1056 1393; x_wconf 87' lang='lat' dir='ltr'><strong>pericli</strong></span> <span class='ocrx_word' id='word_1_55' title='bbox 1068 1312 1147 1393; x_wconf 85' lang='lat' dir='ltr'><strong>coepi</strong></span> <span class='ocrx_word' id='word_1_56' title='bbox 1160 1311 1252 1386; x_wconf 80' lang='lat' dir='ltr'><strong>adire,</strong></span> <span class='ocrx_word' id='word_1_57' title='bbox 1268 1309 1372 1371; x_wconf 80' lang='lat' dir='ltr'><strong>orandi</strong></span> 
     </span>
     <span class='ocr_line' id='line_1_7' title="bbox 318 1414 1370 1497; baseline 0.002 -22"><span class='ocrx_word' id='word_1_58' title='bbox 318 1414 381 1493; x_wconf 75' lang='lat' dir='ltr'><strong>jorn</strong></span> <span class='ocrx_word' id='word_1_59' title='bbox 403 1414 493 1476; x_wconf 85' lang='lat' dir='ltr'><strong>linem</strong></span> <span class='ocrx_word' id='word_1_60' title='bbox 511 1414 589 1479; x_wconf 80' lang='lat' dir='ltr'><strong>face.</strong></span> <span class='ocrx_word' id='word_1_61' title='bbox 629 1416 716 1478; x_wconf 83' lang='lat' dir='ltr'><strong>Licet</strong></span> <span class='ocrx_word' id='word_1_62' title='bbox 740 1436 795 1497; x_wconf 90' lang='lat' dir='ltr'><strong>per</strong></span> <span class='ocrx_word' id='word_1_63' title='bbox 814 1419 932 1494; x_wconf 89' lang='lat' dir='ltr'><strong>jambos</strong></span> <span class='ocrx_word' id='word_1_64' title='bbox 952 1418 999 1479; x_wconf 84' lang='lat' dir='ltr'><strong>vel</strong></span> <span class='ocrx_word' id='word_1_65' title='bbox 1023 1434 1077 1496; x_wconf 88' lang='lat' dir='ltr'><strong>per</strong></span> <span class='ocrx_word' id='word_1_66' title='bbox 1098 1417 1246 1479; x_wconf 79' lang='lat' dir='ltr'><strong>troeboeos</strong></span> <span class='ocrx_word' id='word_1_67' title='bbox 1265 1414 1370 1479; x_wconf 72' lang='lat' dir='ltr'><strong>neum</strong></span> 
     </span>
     <span class='ocr_line' id='line_1_8' title="bbox 323 1518 1032 1604; baseline 0 -24"><span class='ocrx_word' id='word_1_68' title='bbox 323 1518 421 1597; x_wconf 77' lang='lat' dir='ltr'><strong>Hm‘m</strong></span> <span class='ocrx_word' id='word_1_69' title='bbox 434 1522 550 1602; x_wconf 83' lang='lat' dir='ltr'><strong>generis</strong></span> <span class='ocrx_word' id='word_1_70' title='bbox 564 1534 633 1585; x_wconf 88' lang='lat' dir='ltr'><strong>sunt</strong></span> <span class='ocrx_word' id='word_1_71' title='bbox 645 1532 676 1584; x_wconf 87' lang='lat' dir='ltr'><strong>et</strong></span> <span class='ocrx_word' id='word_1_72' title='bbox 688 1523 737 1585; x_wconf 89' lang='lat' dir='ltr'><strong>alii</strong></span> <span class='ocrx_word' id='word_1_73' title='bbox 751 1524 926 1604; x_wconf 81' lang='lat' dir='ltr'><strong>complures.</strong></span> <span class='ocrx_word' id='word_1_74' title='bbox 1027 1572 1032 1580; x_wconf 91' lang='lat'><em>.</em></span> 
     </span>
    </p>
   </div>
   <div class='ocr_carea' id='block_1_3' title="bbox 803 1789 903 1806">
    <p class='ocr_par' dir='ltr' id='par_1_3' title="bbox 803 1789 903 1806">
     <span class='ocr_line' id='line_1_9' title="bbox 803 1789 903 1806; baseline 0.01 -1"><span class='ocrx_word' id='word_1_75' title='bbox 803 1789 903 1806; x_wconf 48' lang='lat' dir='ltr'><strong>m</strong></span> 
     </span>
    </p>
   </div>
   <div class='ocr_carea' id='block_1_4' title="bbox 581 1995 1120 2074">
    <p class='ocr_par' dir='ltr' id='par_1_4' title="bbox 581 1995 1120 2074">
     <span class='ocr_line' id='line_1_10' title="bbox 581 1995 1120 2074; baseline -0.004 -1"><span class='ocrx_word' id='word_1_76' title='bbox 581 1995 734 2073; x_wconf 84' lang='lat' dir='ltr'>RIVII</span> <span class='ocrx_word' id='word_1_77' title='bbox 772 2004 1120 2074; x_wconf 86' lang='lat' dir='ltr'>CASTIGATIO.</span> 
     </span>
    </p>
   </div>
   <div class='ocr_carea' id='block_1_5' title="bbox 239 2164 1376 3724">
    <p class='ocr_par' dir='ltr' id='par_1_5' title="bbox 239 2164 1376 3724">
     <span class='ocr_line' id='line_1_11' title="bbox 365 2164 1373 2248; baseline 0.002 -25"><span class='ocrx_word' id='word_1_78' title='bbox 365 2164 442 2225; x_wconf 73' lang='lat' dir='ltr'><strong>coc</strong></span> <span class='ocrx_word' id='word_1_79' title='bbox 463 2164 621 2243; x_wconf 73' lang='lat' dir='ltr'><strong>prodiisset</strong></span> <span class='ocrx_word' id='word_1_80' title='bbox 644 2182 722 2227; x_wconf 88' lang='lat' dir='ltr'><strong>anuo</strong></span> <span class='ocrx_word' id='word_1_81' title='bbox 742 2169 779 2227; x_wconf 89' lang='lat' dir='ltr'><strong>ab</strong></span> <span class='ocrx_word' id='word_1_82' title='bbox 799 2167 868 2227; x_wconf 87' lang='lat' dir='ltr'><strong>hine</strong></span> <span class='ocrx_word' id='word_1_83' title='bbox 886 2167 950 2229; x_wconf 87' lang='lat' dir='ltr'><strong>fere</strong></span> <span class='ocrx_word' id='word_1_84' title='bbox 971 2168 1097 2248; x_wconf 87' lang='lat' dir='ltr'><strong>septimo</strong></span> <span class='ocrx_word' id='word_1_85' title='bbox 1115 2166 1284 2239; x_wconf 80' lang='lat' dir='ltr'><strong>Terentius,</strong></span> <span class='ocrx_word' id='word_1_86' title='bbox 1304 2167 1373 2226; x_wconf 74' lang='lat' dir='ltr'><strong>doe</strong></span> 
     </span>
     <span class='ocr_line' id='line_1_12' title="bbox 324 2269 1372 2355; baseline 0.002 -26"><span class='ocrx_word' id='word_1_87' title='bbox 324 2269 426 2329; x_wconf 79' lang='lat' dir='ltr'><strong>tissimi</strong></span> <span class='ocrx_word' id='word_1_88' title='bbox 440 2271 496 2330; x_wconf 88' lang='lat' dir='ltr'><strong>viri</strong></span> <span class='ocrx_word' id='word_1_89' title='bbox 502 2272 628 2353; x_wconf 89' lang='lat' dir='ltr'><strong>Philippi</strong></span> <span class='ocrx_word' id='word_1_90' title='bbox 639 2273 877 2335; x_wconf 83' lang='lat' dir='ltr'><strong>Melanchthonis</strong></span> <span class='ocrx_word' id='word_1_91' title='bbox 887 2292 980 2355; x_wconf 87' lang='lat' dir='ltr'><strong>opere</strong></span> <span class='ocrx_word' id='word_1_92' title='bbox 989 2273 1199 2354; x_wconf 68' lang='lat' dir='ltr'><strong>diligentiaque</strong></span> <span class='ocrx_word' id='word_1_93' title='bbox 1212 2272 1372 2344; x_wconf 72' lang='lat' dir='ltr'><strong>restinctus,</strong></span> 
     </span>
     <span class='ocr_line' id='line_1_13' title="bbox 325 2379 1373 2458; baseline 0.004 -23"><span class='ocrx_word' id='word_1_94' title='bbox 325 2396 461 2437; x_wconf 88' lang='lat' dir='ltr'><strong>unacum</strong></span> <span class='ocrx_word' id='word_1_95' title='bbox 475 2380 653 2458; x_wconf 77' lang='lat' dir='ltr'><strong>argumentis</strong></span> <span class='ocrx_word' id='word_1_96' title='bbox 667 2380 799 2458; x_wconf 88' lang='lat' dir='ltr'><strong>ejusdem</strong></span> <span class='ocrx_word' id='word_1_97' title='bbox 814 2391 845 2440; x_wconf 90' lang='lat' dir='ltr'><strong>et</strong></span> <span class='ocrx_word' id='word_1_98' title='bbox 858 2380 1116 2441; x_wconf 86' lang='lat' dir='ltr'><strong>annotatiunculis:</strong></span> <span class='ocrx_word' id='word_1_99' title='bbox 1137 2398 1197 2439; x_wconf 88' lang='lat' dir='ltr'><strong>non</strong></span> <span class='ocrx_word' id='word_1_100' title='bbox 1209 2397 1258 2440; x_wconf 88' lang='lat' dir='ltr'><strong>me</strong></span> <span class='ocrx_word' id='word_1_101' title='bbox 1271 2379 1373 2439; x_wconf 84' lang='lat' dir='ltr'><strong>hercle</strong></span> 
     </span>
     <span class='ocr_line' id='line_1_14' title="bbox 239 2482 1374 2567; baseline 0.007 -31"><span class='ocrx_word' id='word_1_102' title='bbox 239 2530 241 2536; x_wconf 92' lang='lat'>.</span> <span class='ocrx_word' id='word_1_103' title='bbox 325 2482 383 2542; x_wconf 91' lang='lat' dir='ltr'><strong>dici</strong></span> <span class='ocrx_word' id='word_1_104' title='bbox 399 2492 505 2562; x_wconf 86' lang='lat' dir='ltr'><strong>potest,</strong></span> <span class='ocrx_word' id='word_1_105' title='bbox 527 2496 666 2563; x_wconf 87' lang='lat' dir='ltr'><strong>quantum</strong></span> <span class='ocrx_word' id='word_1_106' title='bbox 682 2486 738 2545; x_wconf 88' lang='lat' dir='ltr'><strong>hoc</strong></span> <span class='ocrx_word' id='word_1_107' title='bbox 759 2490 877 2547; x_wconf 83' lang='lat' dir='ltr'><strong>nomine</strong></span> <span class='ocrx_word' id='word_1_108' title='bbox 895 2488 994 2547; x_wconf 87' lang='lat' dir='ltr'><strong>statim</strong></span> <span class='ocrx_word' id='word_1_109' title='bbox 1014 2486 1216 2567; x_wconf 75' lang='lat' dir='ltr'><strong>graudaudum</strong></span> <span class='ocrx_word' id='word_1_110' title='bbox 1235 2482 1374 2545; x_wconf 79' lang='lat' dir='ltr'><strong>studiosis</strong></span> 
     </span>
     <span class='ocr_line' id='line_1_15' title="bbox 326 2576 1373 2672; baseline 0 -23"><span class='ocrx_word' id='word_1_111' title='bbox 326 2590 460 2651; x_wconf 88' lang='lat' dir='ltr'><strong>omnibus</strong></span> <span class='ocrx_word' id='word_1_112' title='bbox 482 2591 683 2653; x_wconf 80' lang='lat' dir='ltr'><strong>existimarim:</strong></span> <span class='ocrx_word' id='word_1_113' title='bbox 703 2576 805 2672; x_wconf 52' lang='lat' dir='ltr'><strong>&#39;idque</strong></span> <span class='ocrx_word' id='word_1_114' title='bbox 828 2597 895 2669; x_wconf 87' lang='lat' dir='ltr'><strong>jure</strong></span> <span class='ocrx_word' id='word_1_115' title='bbox 915 2594 993 2654; x_wconf 87' lang='lat' dir='ltr'><strong>adeo</strong></span> <span class='ocrx_word' id='word_1_116' title='bbox 1016 2612 1053 2653; x_wconf 87' lang='lat' dir='ltr'><strong>ac</strong></span> <span class='ocrx_word' id='word_1_117' title='bbox 1072 2593 1186 2653; x_wconf 88' lang='lat' dir='ltr'><strong>merito.</strong></span> <span class='ocrx_word' id='word_1_118' title='bbox 1226 2588 1373 2649; x_wconf 78' lang='lat' dir='ltr'><strong>Videbam</strong></span> 
     </span>
     <span class='ocr_line' id='line_1_16' title="bbox 324 2694 1374 2779; baseline 0.001 -26"><span class='ocrx_word' id='word_1_119' title='bbox 324 2694 403 2753; x_wconf 87' lang='lat' dir='ltr'><strong>enim</strong></span> <span class='ocrx_word' id='word_1_120' title='bbox 423 2695 488 2756; x_wconf 88' lang='lat' dir='ltr'><strong>fore</strong></span> <span class='ocrx_word' id='word_1_121' title='bbox 511 2696 602 2773; x_wconf 90' lang='lat' dir='ltr'><strong>brevi,</strong></span> <span class='ocrx_word' id='word_1_122' title='bbox 623 2708 657 2759; x_wconf 90' lang='lat' dir='ltr'><strong>ut</strong></span> <span class='ocrx_word' id='word_1_123' title='bbox 675 2700 801 2779; x_wconf 87' lang='lat' dir='ltr'><strong>optimus</strong></span> <span class='ocrx_word' id='word_1_124' title='bbox 821 2700 989 2760; x_wconf 80' lang='lat' dir='ltr'><strong>Latinitatis</strong></span> <span class='ocrx_word' id='word_1_125' title='bbox 1009 2698 1124 2771; x_wconf 77' lang='lat' dir='ltr'><strong>author,</strong></span> <span class='ocrx_word' id='word_1_126' title='bbox 1146 2696 1197 2778; x_wconf 90' lang='lat' dir='ltr'><strong>qui</strong></span> <span class='ocrx_word' id='word_1_127' title='bbox 1215 2695 1374 2755; x_wconf 75' lang='lat' dir='ltr'><strong>innumeris</strong></span> 
     </span>
     <span class='ocr_line' id='line_1_17' title="bbox 323 2801 1373 2884; baseline 0.004 -26"><span class='ocrx_word' id='word_1_128' title='bbox 323 2809 394 2858; x_wconf 81' lang='lat' dir='ltr'><strong>ente</strong></span> <span class='ocrx_word' id='word_1_129' title='bbox 408 2801 519 2862; x_wconf 89' lang='lat' dir='ltr'><strong>mendis</strong></span> <span class='ocrx_word' id='word_1_130' title='bbox 532 2805 677 2876; x_wconf 76' lang='lat' dir='ltr'><strong>scatebat,</strong></span> <span class='ocrx_word' id='word_1_131' title='bbox 691 2823 771 2865; x_wconf 87' lang='lat' dir='ltr'><strong>nune</strong></span> <span class='ocrx_word' id='word_1_132' title='bbox 788 2805 878 2884; x_wconf 88' lang='lat' dir='ltr'><strong>paulo</strong></span> <span class='ocrx_word' id='word_1_133' title='bbox 891 2805 1060 2884; x_wconf 83' lang='lat' dir='ltr'><strong>castigatior</strong></span> <span class='ocrx_word' id='word_1_134' title='bbox 1072 2806 1177 2882; x_wconf 79' lang='lat' dir='ltr'><strong>majori</strong></span> <span class='ocrx_word' id='word_1_135' title='bbox 1189 2823 1256 2862; x_wconf 80' lang='lat' dir='ltr'><strong>erim</strong></span> <span class='ocrx_word' id='word_1_136' title='bbox 1268 2803 1373 2882; x_wconf 86' lang='lat' dir='ltr'><strong>volup·</strong></span> 
     </span>
     <span class='ocr_line' id='line_1_18' title="bbox 324 2905 1374 2988; baseline 0.002 -23"><span class='ocrx_word' id='word_1_137' title='bbox 324 2915 396 2976; x_wconf 80' lang='lat' dir='ltr'><strong>tate,</strong></span> <span class='ocrx_word' id='word_1_138' title='bbox 409 2916 498 2985; x_wconf 86' lang='lat' dir='ltr'><strong>etque</strong></span> <span class='ocrx_word' id='word_1_139' title='bbox 509 2905 583 2969; x_wconf 84' lang='lat' dir='ltr'><strong>adeo</strong></span> <span class='ocrx_word' id='word_1_140' title='bbox 595 2911 707 2986; x_wconf 86' lang='lat' dir='ltr'><strong>majore</strong></span> <span class='ocrx_word' id='word_1_141' title='bbox 721 2927 789 2967; x_wconf 88' lang='lat' dir='ltr'><strong>oum</strong></span> <span class='ocrx_word' id='word_1_142' title='bbox 802 2908 912 2980; x_wconf 76' lang='lat' dir='ltr'><strong>fructu,</strong></span> <span class='ocrx_word' id='word_1_143' title='bbox 926 2927 1014 2988; x_wconf 86' lang='lat' dir='ltr'><strong>quam</strong></span> <span class='ocrx_word' id='word_1_144' title='bbox 1029 2920 1124 2980; x_wconf 85' lang='lat' dir='ltr'><strong>antea,</strong></span> <span class='ocrx_word' id='word_1_145' title='bbox 1138 2929 1158 2969; x_wconf 89' lang='lat' dir='ltr'><strong>a</strong></span> <span class='ocrx_word' id='word_1_146' title='bbox 1169 2906 1374 2986; x_wconf 83' lang='lat' dir='ltr'><strong>ludimagistris</strong></span> 
     </span>
     <span class='ocr_line' id='line_1_19' title="bbox 324 3011 1375 3094; baseline 0.004 -26"><span class='ocrx_word' id='word_1_147' title='bbox 324 3011 457 3089; x_wconf 72' lang='lat' dir='ltr'><strong>pueritie</strong></span> <span class='ocrx_word' id='word_1_148' title='bbox 475 3011 711 3090; x_wconf 79' lang='lat' dir='ltr'><strong>praelegeretur.</strong></span> <span class='ocrx_word' id='word_1_149' title='bbox 751 3015 827 3079; x_wconf 83' lang='lat' dir='ltr'><strong>Quae</strong></span> <span class='ocrx_word' id='word_1_150' title='bbox 849 3013 927 3074; x_wconf 86' lang='lat' dir='ltr'><strong>adeo</strong></span> <span class='ocrx_word' id='word_1_151' title='bbox 946 3033 1005 3074; x_wconf 89' lang='lat' dir='ltr'><strong>non</strong></span> <span class='ocrx_word' id='word_1_152' title='bbox 1022 3013 1128 3075; x_wconf 74' lang='lat' dir='ltr'><strong>fefellit</strong></span> <span class='ocrx_word' id='word_1_153' title='bbox 1147 3017 1320 3094; x_wconf 85' lang='lat' dir='ltr'><strong>conjectura</strong></span> <span class='ocrx_word' id='word_1_154' title='bbox 1339 3022 1375 3072; x_wconf 86' lang='lat' dir='ltr'><strong>ut</strong></span> 
     </span>
     <span class='ocr_line' id='line_1_20' title="bbox 324 3109 1375 3202; baseline 0.004 -28"><span class='ocrx_word' id='word_1_155' title='bbox 324 3115 469 3175; x_wconf 87' lang='lat' dir='ltr'><strong>distractis</strong></span> <span class='ocrx_word' id='word_1_156' title='bbox 490 3135 597 3196; x_wconf 80' lang='lat' dir='ltr'><strong>magno</strong></span> <span class='ocrx_word' id='word_1_157' title='bbox 612 3109 838 3198; x_wconf 83' lang='lat' dir='ltr'><strong>bibliopolarum</strong></span> <span class='ocrx_word' id='word_1_158' title='bbox 861 3121 1015 3181; x_wconf 86' lang='lat' dir='ltr'><strong>commodo</strong></span> <span class='ocrx_word' id='word_1_159' title='bbox 1032 3119 1256 3202; x_wconf 76' lang='lat' dir='ltr'><strong>exemplaribus,</strong></span> <span class='ocrx_word' id='word_1_160' title='bbox 1274 3136 1375 3178; x_wconf 86' lang='lat' dir='ltr'><strong>rursus</strong></span> 
     </span>
     <span class='ocr_line' id='line_1_21' title="bbox 327 3218 1375 3302; baseline 0 -21"><span class='ocrx_word' id='word_1_161' title='bbox 327 3221 437 3281; x_wconf 85' lang='lat' dir='ltr'><strong>excudi</strong></span> <span class='ocrx_word' id='word_1_162' title='bbox 456 3231 569 3301; x_wconf 86' lang='lat' dir='ltr'><strong>coeptus</strong></span> <span class='ocrx_word' id='word_1_163' title='bbox 590 3221 629 3281; x_wconf 91' lang='lat' dir='ltr'><strong>sit</strong></span> <span class='ocrx_word' id='word_1_164' title='bbox 641 3221 859 3302; x_wconf 66' lang='lat' dir='ltr'><strong>vitembergae:</strong></span> <span class='ocrx_word' id='word_1_165' title='bbox 887 3218 961 3283; x_wconf 65' lang='lat' dir='ltr'><strong>mox&#39;</strong></span> <span class='ocrx_word' id='word_1_166' title='bbox 978 3244 997 3284; x_wconf 90' lang='lat' dir='ltr'><strong>a</strong></span> <span class='ocrx_word' id='word_1_167' title='bbox 1017 3224 1104 3285; x_wconf 88' lang='lat' dir='ltr'><strong>Joan.</strong></span> <span class='ocrx_word' id='word_1_168' title='bbox 1124 3222 1249 3296; x_wconf 67' lang='lat' dir='ltr'><strong>vSocratis</strong></span> <span class='ocrx_word' id='word_1_169' title='bbox 1269 3222 1375 3301; x_wconf 75' lang='lat' dir='ltr'><strong>Hage-</strong></span> 
     </span>
     <span class='ocr_line' id='line_1_22' title="bbox 326 3325 1373 3408; baseline 0 -22"><span class='ocrx_word' id='word_1_170' title='bbox 326 3345 407 3386; x_wconf 86' lang='lat' dir='ltr'><strong>noae:</strong></span> <span class='ocrx_word' id='word_1_171' title='bbox 432 3335 499 3405; x_wconf 88' lang='lat' dir='ltr'><strong>post</strong></span> <span class='ocrx_word' id='word_1_172' title='bbox 509 3327 597 3387; x_wconf 81' lang='lat' dir='ltr'><strong>etiem</strong></span> <span class='ocrx_word' id='word_1_173' title='bbox 608 3325 828 3407; x_wconf 78' lang='lat' dir='ltr'><strong>Norimbergoe:</strong></span> <span class='ocrx_word' id='word_1_174' title='bbox 846 3329 1080 3408; x_wconf 86' lang='lat' dir='ltr'><strong>praetereaapud</strong></span> <span class='ocrx_word' id='word_1_175' title='bbox 1094 3328 1247 3390; x_wconf 87' lang='lat' dir='ltr'><strong>Coloniam</strong></span> <span class='ocrx_word' id='word_1_176' title='bbox 1262 3327 1373 3406; x_wconf 78' lang='lat' dir='ltr'><strong>Agrip·</strong></span> 
     </span>
     <span class='ocr_line' id='line_1_23' title="bbox 325 3431 1375 3513; baseline -0.001 -21"><span class='ocrx_word' id='word_1_177' title='bbox 325 3432 436 3513; x_wconf 88' lang='lat' dir='ltr'><strong>pinam,</strong></span> <span class='ocrx_word' id='word_1_178' title='bbox 455 3434 493 3493; x_wconf 92' lang='lat' dir='ltr'><strong>ab</strong></span> <span class='ocrx_word' id='word_1_179' title='bbox 515 3433 663 3494; x_wconf 80' lang='lat' dir='ltr'><strong>Eucherio</strong></span> <span class='ocrx_word' id='word_1_180' title='bbox 684 3433 808 3513; x_wconf 90' lang='lat' dir='ltr'><strong>primum</strong></span> <span class='ocrx_word' id='word_1_181' title='bbox 827 3434 1024 3494; x_wconf 86' lang='lat' dir='ltr'><strong>Cervicorno:</strong></span> <span class='ocrx_word' id='word_1_182' title='bbox 1046 3433 1152 3493; x_wconf 81' lang='lat' dir='ltr'><strong>iterum</strong></span> <span class='ocrx_word' id='word_1_183' title='bbox 1170 3451 1189 3491; x_wconf 90' lang='lat' dir='ltr'><strong>a</strong></span> <span class='ocrx_word' id='word_1_184' title='bbox 1208 3432 1298 3492; x_wconf 78' lang='lat' dir='ltr'><strong>ioan.</strong></span> <span class='ocrx_word' id='word_1_185' title='bbox 1319 3431 1375 3491; x_wconf 76' lang='lat' dir='ltr'><strong>So</strong></span> 
     </span>
     <span class='ocr_line' id='line_1_24' title="bbox 324 3535 1375 3620; baseline -0.005 -20"><span class='ocrx_word' id='word_1_186' title='bbox 324 3551 409 3600; x_wconf 88' lang='lat' dir='ltr'><strong>tere:</strong></span> <span class='ocrx_word' id='word_1_187' title='bbox 439 3541 529 3601; x_wconf 89' lang='lat' dir='ltr'><strong>tectio</strong></span> <span class='ocrx_word' id='word_1_188' title='bbox 550 3538 676 3620; x_wconf 90' lang='lat' dir='ltr'><strong>denique</strong></span> <span class='ocrx_word' id='word_1_189' title='bbox 697 3559 717 3600; x_wconf 87' lang='lat' dir='ltr'><strong>a</strong></span> <span class='ocrx_word' id='word_1_190' title='bbox 737 3541 826 3600; x_wconf 88' lang='lat' dir='ltr'><strong>Joan.</strong></span> <span class='ocrx_word' id='word_1_191' title='bbox 848 3540 997 3620; x_wconf 88' lang='lat' dir='ltr'><strong>Gymnico</strong></span> <span class='ocrx_word' id='word_1_192' title='bbox 1018 3539 1080 3599; x_wconf 83' lang='lat' dir='ltr'><strong>viro</strong></span> <span class='ocrx_word' id='word_1_193' title='bbox 1101 3537 1224 3618; x_wconf 87' lang='lat' dir='ltr'><strong>optimo,</strong></span> <span class='ocrx_word' id='word_1_194' title='bbox 1248 3547 1281 3596; x_wconf 90' lang='lat' dir='ltr'><strong>et</strong></span> <span class='ocrx_word' id='word_1_195' title='bbox 1303 3535 1375 3596; x_wconf 87' lang='lat' dir='ltr'><strong>mihi</strong></span> 
     </span>
     <span class='ocr_line' id='line_1_25' title="bbox 325 3641 1376 3724; baseline -0.006 -18"><span class='ocrx_word' id='word_1_196' title='bbox 325 3655 425 3706; x_wconf 85' lang='lat' dir='ltr'><strong>vetere</strong></span> <span class='ocrx_word' id='word_1_197' title='bbox 439 3645 652 3706; x_wconf 85' lang='lat' dir='ltr'><strong>necessitudine</strong></span> <span class='ocrx_word' id='word_1_198' title='bbox 671 3647 918 3724; x_wconf 89' lang='lat' dir='ltr'><strong>conjunctissimo.</strong></span> <span class='ocrx_word' id='word_1_199' title='bbox 960 3645 1072 3705; x_wconf 83' lang='lat' dir='ltr'><strong>Adhoec</strong></span> <span class='ocrx_word' id='word_1_200' title='bbox 1089 3642 1255 3722; x_wconf 80' lang='lat' dir='ltr'><strong>Mogrmtiae</strong></span> <span class='ocrx_word' id='word_1_201' title='bbox 1267 3641 1376 3722; x_wconf 79' lang='lat' dir='ltr'><strong>aliquo</strong></span> 
     </span>
    </p>
   </div>
   <div class='ocr_carea' id='block_1_6' title="bbox 202 3748 1375 3831">
    <p class='ocr_par' dir='ltr' id='par_1_6' title="bbox 202 3748 1375 3831">
     <span class='ocr_line' id='line_1_26' title="bbox 202 3748 1375 3831; baseline -0.004 -18"><span class='ocrx_word' id='word_1_202' title='bbox 202 3753 203 3756; x_wconf 70' lang='grc'>’</span> <span class='ocrx_word' id='word_1_203' title='bbox 326 3751 382 3812; x_wconf 87' lang='lat' dir='ltr'><strong>ties</strong></span> <span class='ocrx_word' id='word_1_204' title='bbox 401 3762 432 3812; x_wconf 89' lang='lat' dir='ltr'><strong>et</strong></span> <span class='ocrx_word' id='word_1_205' title='bbox 447 3753 653 3831; x_wconf 76' lang='lat' dir='ltr'><strong>Argentoratiz</strong></span> <span class='ocrx_word' id='word_1_206' title='bbox 675 3765 708 3812; x_wconf 90' lang='lat' dir='ltr'><strong>ut</strong></span> <span class='ocrx_word' id='word_1_207' title='bbox 726 3753 764 3812; x_wconf 89' lang='lat' dir='ltr'><strong>de</strong></span> <span class='ocrx_word' id='word_1_208' title='bbox 782 3753 897 3814; x_wconf 80' lang='lat' dir='ltr'><strong>caeteris</strong></span> <span class='ocrx_word' id='word_1_209' title='bbox 914 3763 1039 3816; x_wconf 87' lang='lat' dir='ltr'><strong>taceam.</strong></span> <span class='ocrx_word' id='word_1_210' title='bbox 1081 3750 1203 3810; x_wconf 86' lang='lat' dir='ltr'><strong>iuterim</strong></span> <span class='ocrx_word' id='word_1_211' title='bbox 1223 3748 1375 3828; x_wconf 86' lang='lat' dir='ltr'><strong>cumipse</strong></span> 
     </span>
    </p>
   </div>
   <div class='ocr_carea' id='block_1_7' title="bbox 325 3851 1376 4672">
    <p class='ocr_par' dir='ltr' id='par_1_7' title="bbox 325 3851 1376 4672">
     <span class='ocr_line' id='line_1_27' title="bbox 326 3851 1376 3939; baseline -0.004 -21"><span class='ocrx_word' id='word_1_212' title='bbox 326 3877 447 3939; x_wconf 90' lang='lat' dir='ltr'><strong>quoque</strong></span> <span class='ocrx_word' id='word_1_213' title='bbox 465 3877 533 3917; x_wconf 89' lang='lat' dir='ltr'><strong>eum</strong></span> <span class='ocrx_word' id='word_1_214' title='bbox 551 3857 702 3918; x_wconf 88' lang='lat' dir='ltr'><strong>authorem</strong></span> <span class='ocrx_word' id='word_1_215' title='bbox 716 3856 854 3917; x_wconf 88' lang='lat' dir='ltr'><strong>studiosis</strong></span> <span class='ocrx_word' id='word_1_216' title='bbox 871 3856 1045 3937; x_wconf 87' lang='lat' dir='ltr'><strong>quibusdam</strong></span> <span class='ocrx_word' id='word_1_217' title='bbox 1065 3851 1259 3916; x_wconf 81' lang='lat' dir='ltr'><strong>enarrandum</strong></span> <span class='ocrx_word' id='word_1_218' title='bbox 1276 3873 1376 3915; x_wconf 86' lang='lat' dir='ltr'><strong>susee-</strong></span> 
     </span>
     <span class='ocr_line' id='line_1_28' title="bbox 325 3959 1375 4044; baseline -0.004 -21"><span class='ocrx_word' id='word_1_219' title='bbox 325 3961 445 4044; x_wconf 88' lang='lat' dir='ltr'><strong>pissem,</strong></span> <span class='ocrx_word' id='word_1_220' title='bbox 458 3963 535 4023; x_wconf 89' lang='lat' dir='ltr'><strong>sensi</strong></span> <span class='ocrx_word' id='word_1_221' title='bbox 549 3963 674 4035; x_wconf 87' lang='lat' dir='ltr'><strong>taudem,</strong></span> <span class='ocrx_word' id='word_1_222' title='bbox 688 3963 720 4022; x_wconf 93' lang='lat' dir='ltr'><strong>id</strong></span> <span class='ocrx_word' id='word_1_223' title='bbox 733 3963 900 4042; x_wconf 88' lang='lat' dir='ltr'><strong>quoderat,</strong></span> <span class='ocrx_word' id='word_1_224' title='bbox 914 3963 1176 4022; x_wconf 86' lang='lat' dir='ltr'><strong>Melauehtlronem</strong></span> <span class='ocrx_word' id='word_1_225' title='bbox 1195 3959 1375 4039; x_wconf 79' lang='lat' dir='ltr'><strong>gravioribus</strong></span> 
     </span>
     <span class='ocr_line' id='line_1_29' title="bbox 328 4063 1375 4149; baseline -0.004 -23"><span class='ocrx_word' id='word_1_226' title='bbox 328 4067 417 4128; x_wconf 89' lang='lat' dir='ltr'><strong>rebus</strong></span> <span class='ocrx_word' id='word_1_227' title='bbox 435 4079 619 4149; x_wconf 83' lang='lat' dir='ltr'><strong>occupatum,</strong></span> <span class='ocrx_word' id='word_1_228' title='bbox 634 4079 726 4147; x_wconf 88' lang='lat' dir='ltr'><strong>utque</strong></span> <span class='ocrx_word' id='word_1_229' title='bbox 739 4067 804 4146; x_wconf 88' lang='lat' dir='ltr'><strong>ipse</strong></span> <span class='ocrx_word' id='word_1_230' title='bbox 817 4088 870 4147; x_wconf 90' lang='lat' dir='ltr'><strong>pro</strong></span> <span class='ocrx_word' id='word_1_231' title='bbox 886 4088 940 4127; x_wconf 93' lang='lat' dir='ltr'><strong>sua</strong></span> <span class='ocrx_word' id='word_1_232' title='bbox 953 4067 1097 4127; x_wconf 88' lang='lat' dir='ltr'><strong>modestia</strong></span> <span class='ocrx_word' id='word_1_233' title='bbox 1114 4067 1243 4144; x_wconf 81' lang='lat' dir='ltr'><strong>ingenue</strong></span> <span class='ocrx_word' id='word_1_234' title='bbox 1257 4063 1375 4137; x_wconf 79' lang='lat' dir='ltr'><strong>fatetur,</strong></span> 
     </span>
     <span class='ocr_line' id='line_1_30' title="bbox 326 4169 1374 4251; baseline -0.003 -20"><span class='ocrx_word' id='word_1_235' title='bbox 326 4171 473 4232; x_wconf 85' lang='lat' dir='ltr'><strong>veteribus</strong></span> <span class='ocrx_word' id='word_1_236' title='bbox 492 4171 632 4251; x_wconf 85' lang='lat' dir='ltr'><strong>exemplis</strong></span> <span class='ocrx_word' id='word_1_237' title='bbox 649 4171 729 4231; x_wconf 89' lang='lat' dir='ltr'><strong>haud</strong></span> <span class='ocrx_word' id='word_1_238' title='bbox 743 4173 810 4232; x_wconf 86' lang='lat' dir='ltr'><strong>satis</strong></span> <span class='ocrx_word' id='word_1_239' title='bbox 829 4173 1010 4244; x_wconf 86' lang='lat' dir='ltr'><strong>instructum,</strong></span> <span class='ocrx_word' id='word_1_240' title='bbox 1031 4191 1091 4230; x_wconf 91' lang='lat' dir='ltr'><strong>non</strong></span> <span class='ocrx_word' id='word_1_241' title='bbox 1110 4171 1148 4229; x_wconf 89' lang='lat' dir='ltr'><strong>ab</strong></span> <span class='ocrx_word' id='word_1_242' title='bbox 1165 4169 1299 4228; x_wconf 89' lang='lat' dir='ltr'><strong>omnibus</strong></span> <span class='ocrx_word' id='word_1_243' title='bbox 1313 4189 1374 4228; x_wconf 88' lang='lat' dir='ltr'><strong>om·</strong></span> 
     </span>
     <span class='ocr_line' id='line_1_31' title="bbox 326 4274 1375 4359; baseline -0.002 -23"><span class='ocrx_word' id='word_1_244' title='bbox 326 4277 397 4336; x_wconf 88' lang='lat' dir='ltr'><strong>uino</strong></span> <span class='ocrx_word' id='word_1_245' title='bbox 410 4278 522 4338; x_wconf 88' lang='lat' dir='ltr'><strong>mendis</strong></span> <span class='ocrx_word' id='word_1_246' title='bbox 537 4279 622 4359; x_wconf 85' lang='lat' dir='ltr'><strong>(absit</strong></span> <span class='ocrx_word' id='word_1_247' title='bbox 640 4278 749 4337; x_wconf 79' lang='lat' dir='ltr'><strong>invidia</strong></span> <span class='ocrx_word' id='word_1_248' title='bbox 763 4277 854 4353; x_wconf 85' lang='lat' dir='ltr'><strong>dieto)</strong></span> <span class='ocrx_word' id='word_1_249' title='bbox 868 4276 974 4336; x_wconf 88' lang='lat' dir='ltr'><strong>comici</strong></span> <span class='ocrx_word' id='word_1_250' title='bbox 988 4277 1082 4336; x_wconf 88' lang='lat' dir='ltr'><strong>nostri</strong></span> <span class='ocrx_word' id='word_1_251' title='bbox 1099 4275 1214 4335; x_wconf 85' lang='lat' dir='ltr'><strong>fabulas</strong></span> <span class='ocrx_word' id='word_1_252' title='bbox 1226 4274 1375 4334; x_wconf 81' lang='lat' dir='ltr'><strong>vindicare</strong></span> 
     </span>
     <span class='ocr_line' id='line_1_32' title="bbox 326 4377 1376 4462; baseline -0.003 -21"><span class='ocrx_word' id='word_1_253' title='bbox 326 4381 467 4461; x_wconf 84' lang='lat' dir='ltr'><strong>potuisse.</strong></span> <span class='ocrx_word' id='word_1_254' title='bbox 508 4383 548 4441; x_wconf 89' lang='lat' dir='ltr'><strong>Et</strong></span> <span class='ocrx_word' id='word_1_255' title='bbox 557 4386 617 4458; x_wconf 85' lang='lat' dir='ltr'><strong>jam</strong></span> <span class='ocrx_word' id='word_1_256' title='bbox 630 4393 784 4462; x_wconf 80' lang='lat' dir='ltr'><strong>pertatem</strong></span> <span class='ocrx_word' id='word_1_257' title='bbox 797 4401 891 4461; x_wconf 90' lang='lat' dir='ltr'><strong>prope</strong></span> <span class='ocrx_word' id='word_1_258' title='bbox 905 4381 1094 4440; x_wconf 88' lang='lat' dir='ltr'><strong>Germaniam</strong></span> <span class='ocrx_word' id='word_1_259' title='bbox 1107 4379 1188 4439; x_wconf 88' lang='lat' dir='ltr'><strong>nulla</strong></span> <span class='ocrx_word' id='word_1_260' title='bbox 1200 4377 1289 4438; x_wconf 84' lang='lat' dir='ltr'><strong>facile</strong></span> <span class='ocrx_word' id='word_1_261' title='bbox 1301 4397 1376 4457; x_wconf 76' lang='lat' dir='ltr'><strong>pne·</strong></span> 
     </span>
     <span class='ocr_line' id='line_1_33' title="bbox 328 4483 1376 4568; baseline -0.003 -22"><span class='ocrx_word' id='word_1_262' title='bbox 328 4497 374 4546; x_wconf 83' lang='lat' dir='ltr'><strong>ter</strong></span> <span class='ocrx_word' id='word_1_263' title='bbox 389 4487 513 4566; x_wconf 88' lang='lat' dir='ltr'><strong>Philippi</strong></span> <span class='ocrx_word' id='word_1_264' title='bbox 527 4488 706 4568; x_wconf 87' lang='lat' dir='ltr'><strong>exemplaria</strong></span> <span class='ocrx_word' id='word_1_265' title='bbox 723 4487 930 4567; x_wconf 86' lang='lat' dir='ltr'><strong>probabantur,</strong></span> <span class='ocrx_word' id='word_1_266' title='bbox 952 4497 1005 4545; x_wconf 89' lang='lat' dir='ltr'><strong>aut</strong></span> <span class='ocrx_word' id='word_1_267' title='bbox 1023 4485 1156 4546; x_wconf 89' lang='lat' dir='ltr'><strong>manibus</strong></span> <span class='ocrx_word' id='word_1_268' title='bbox 1173 4483 1311 4544; x_wconf 78' lang='lat' dir='ltr'><strong>studiosae</strong></span> <span class='ocrx_word' id='word_1_269' title='bbox 1326 4487 1376 4560; x_wconf 91' lang='lat' dir='ltr'><strong>ju·</strong></span> 
     </span>
     <span class='ocr_line' id='line_1_34' title="bbox 327 4590 1376 4672; baseline 0.001 -20"><span class='ocrx_word' id='word_1_270' title='bbox 327 4593 456 4656; x_wconf 78' lang='lat' dir='ltr'><strong>veututis</strong></span> <span class='ocrx_word' id='word_1_271' title='bbox 470 4591 646 4656; x_wconf 84' lang='lat' dir='ltr'><strong>terebantur.</strong></span> <span class='ocrx_word' id='word_1_272' title='bbox 687 4593 724 4653; x_wconf 87' lang='lat' dir='ltr'><strong>ld</strong></span> <span class='ocrx_word' id='word_1_273' title='bbox 738 4592 842 4654; x_wconf 83' lang='lat' dir='ltr'><strong>eximia</strong></span> <span class='ocrx_word' id='word_1_274' title='bbox 857 4590 910 4653; x_wconf 82' lang='lat' dir='ltr'><strong>viri</strong></span> <span class='ocrx_word' id='word_1_275' title='bbox 926 4593 1085 4654; x_wconf 87' lang='lat' dir='ltr'><strong>authoritas</strong></span> <span class='ocrx_word' id='word_1_276' title='bbox 1105 4591 1245 4665; x_wconf 81' lang='lat' dir='ltr'><strong>effecerit,</strong></span> <span class='ocrx_word' id='word_1_277' title='bbox 1259 4609 1298 4653; x_wconf 84' lang='lat' dir='ltr'><strong>an</strong></span> <span class='ocrx_word' id='word_1_278' title='bbox 1309 4591 1376 4672; x_wconf 83' lang='lat' dir='ltr'><strong>ipss</strong></span> 
     </span>
    </p>
   </div>
   <div class='ocr_carea' id='block_1_8' title="bbox 0 0 1655 5575">
    <p class='ocr_par' dir='ltr' id='par_1_8' title="bbox 0 0 1655 5575">
     <span class='ocr_line' id='line_1_35' title="bbox 0 0 1655 5575; baseline 0 0"><span class='ocrx_word' id='word_1_279' title='bbox 0 0 1655 5575; x_wconf 95' lang='lat' dir='ltr'><strong> </strong></span> 
     </span>
    </p>
   </div>
  </div>
 </body>
</html>
