3292 5575
450 821 513 882 DE
543 817 732 880 lastels
764 809 1126 878 TERENTIAM&
1229 817 1280 878 xxi

292 1004 323 1065 si
336 1004 394 1064 boc
416 1023 456 1063 ex
478 1002 688 1064 consuetudine
701 999 798 1080 vulgi3
818 1019 872 1060 cur
895 998 971 1059 intra
995 998 1143 1060 decimum
1155 1015 1279 1070 versum,

290 1111 322 1162 et
335 1101 443 1180 ubique
457 1100 538 1172 alias,
558 1097 711 1179 producit?

418 1232 461 1280 Nil
472 1232 568 1294 propter
577 1233 651 1279 bano:
669 1229 709 1279 sed
725 1227 835 1290 estquod
845 1236 965 1276 mocenset
974 1227 1026 1276 tibi.

291 1346 406 1407 Eadem
428 1347 603 1425 reliquorum
617 1345 691 1406 ratio
716 1355 774 1405 est:
796 1342 901 1424 quibus
915 1343 1001 1404 venia
1014 1342 1141 1422 quidem,
1162 1361 1284 1423 proesar·

291 1445 343 1528 tim
356 1443 455 1518 hodie,
474 1443 573 1523 lingua
584 1443 757 1522 Jamdudum
772 1451 915 1512 emortua,
929 1439 1014 1500 facile
1028 1439 1211 1500 conceditur:
1228 1437 1284 1498 nisi

293 1541 410 1622 culpam
424 1540 487 1622 quis
502 1539 689 1600 defendendo
701 1537 807 1597 fecerit
820 1542 968 1614 maj0rem.

333 1641 481 1701 Caeterum
495 1639 548 1710 oli,
570 1638 649 1707 domi,
663 1637 731 1707 redi,
747 1634 818 1705 dori,
838 1655 916 1714 rogo,
923 1635 1004 1712 jube,
1018 1643 1087 1706 tace,
1107 1632 1176 1708 vida,
1197 1643 1228 1693 et
1248 1632 1286 1692 si·

293 1736 395 1816 quaid
408 1755 503 1815 genus
516 1733 573 1794 alia
585 1753 651 1812 quae
665 1731 795 1790 ultimam
810 1729 929 1788 brevem
948 1729 1067 1800 habent,
1078 1729 1127 1788 six
1148 1739 1193 1790 est
1206 1739 1239 1788 ut
1252 1729 1287 1788 li·

294 1844 396 1893 center
418 1831 506 1903 dicas,
528 1829 581 1892 sed
598 1828 728 1908 legitime
743 1825 867 1907 corripi;
886 1845 952 1885 cum
970 1835 1086 1886 veteres
1110 1823 1187 1905 epici
1208 1824 1287 1885 idem

290 1933 338 2005 jus
350 1929 559 2009 usurpaverint.

337 2026 477 2086 Similiter
489 2025 528 2086 de
545 2023 619 2085 crasi
633 2042 772 2092 censeas;
793 2038 853 2101 qua
866 2019 932 2078 duae
946 2019 1074 2092 vocales,
1095 2039 1216 2100 quarum
1229 2037 1288 2080 una

295 2121 400 2194 brevis,
421 2121 452 2180 in
465 2141 553 2182 unam
564 2123 788 2183 contrahuntur:
808 2129 842 2177 ut
853 2117 923 2189 Diu,
939 2117 1039 2190 Deum,
1062 2120 1178 2190 deorum,
1192 2137 1289 2191 meum,

297 2229 381 2303 tunm,
395 2239 481 2292 suam,
492 2241 619 2294 meones,
629 2217 882 2301 &c.fuit,fuisse:
894 2216 999 2276 bascat
1013 2215 1097 2296 siqua
1110 2214 1287 2292 hujusmodi,

293 2318 360 2395 jure
379 2307 613 2396 quoties'vellent
636 2315 847 2378 contrahebant
867 2313 991 2383 comici;
1011 2314 1079 2392 quia
1096 2313 1176 2374 idem
1200 2311 1289 2392 epicis

293 2412 343 2488 jus
370 2421 443 2470 erat.
483 2410 595 2469 Durius
620 2409 738 2488 quidem
762 2411 940 2472 nostratibus
960 2422 1065 2471 sonant
1089 2413 1180 2492 lmus,
1202 2414 1290 2488 cayna,

298 2509 365 2586 ejm,
379 2524 456 2576 noto,
467 2505 520 2563 leti
532 2504 563 2563 in
573 2524 661 2564 unam
675 2505 816 2584 syllabam
832 2517 1001 2567 contracta:
1016 2527 1116 2566 verum
1129 2508 1160 2567 id
1171 2527 1207 2567 eo
1222 2526 1290 2566 eve-

297 2603 349 2672 nit,
369 2601 449 2680 quod
462 2620 516 2661 nos
537 2600 625 2661 hodie
644 2601 722 2660 male
742 2601 977 2682 pronunciemus.
1019 2603 1130 2663 Notum
1153 2603 1230 2664 enim
1245 2615 1292 2664 est

297 2697 425 2769 eruditis,
447 2708 644 2757 consonantes
656 2699 667 2756 i
679 2709 710 2757 et
723 2720 742 2759 o
751 2699 830 2779 apud
843 2699 965 2760 Latinos
986 2701 1093 2760 eodem
1115 2699 1205 2760 fuisse
1218 2720 1294 2760 sono

297 2778 328 2857 et
347 2807 503 2877 potestate,
523 2816 582 2876 quo
605 2796 734 2875 bodiey
757 2810 787 2859 et
810 2819 843 2859 m.
886 2797 1065 2859 Pronuncies
1088 2796 1176 2877 igitir
1198 2817 1291 2875 cuyss,

297 2913 380 2965 nomo,
395 2894 462 2967 leui,
488 2903 519 2953 et
532 2891 647 2952 mollior
661 2892 712 2953 fiet
726 2894 824 2955 orasis.
867 2895 917 2959 lta
934 2906 1033 2955 noster
1046 2904 1109 2966 two,
1123 2915 1188 2967 mco,
1208 2916 1294 2974 gron-

298 2992 435 3068 dynsmslo,
457 2990 634 3068 stellyonin05
653 2990 741 3070 plane
764 3003 798 3051 nt
819 2991 960 3071 Virgilius
982 2993 1085 3070 atellyo,
1111 2992 1212 3069 abysis,
1237 2996 1291 3051 tic.

300 3087 413 3148 Eadem
435 3086 558 3159 ratione,
580 3106 645 3147 cum
659 3092 726 3167 jam
746 3087 893 3161 efferrent,
915 3100 948 3148 ut
972 3108 1024 3149 nos
1048 3088 1137 3148 hodie
1158 3109 1242 3166 yom5
1261 3089 1292 3147 in

299 3187 372 3246 (luas
385 3186 511 3267 syllabas
531 3206 585 3265 pro
609 3185 704 3245 lubitu
724 3184 929 3259 dissolvebant,
952 3207 1021 3246 nanc
1040 3192 1105 3246 ium.
1147 3188 1295 3247 Caeterum

299 3281 331 3341 in
354 3282 410 3343 hac
423 3282 551 3344 editione
572 3283 623 3342 ubi
643 3288 699 3342 iam
712 3282 875 3364 disyllabon
888 3292 941 3355 est,
963 3294 1082 3345 notatur
1096 3284 1241 3355 diaeresim
1262 3295 1294 3345 et

301 3380 388 3451 emus,
405 3381 495 3451 laius,
515 3380 583 3450 eius,
604 3378 654 3437 ubi
677 3380 880 3460 monosyllaba
898 3391 975 3455 sunt,
996 3400 1082 3461 super
1096 3382 1106 3439 i
1120 3380 1230 3441 habent
1243 3400 1294 3442 ac·

300 3488 438 3549 centum,
458 3477 508 3536 ubi
523 3474 676 3556 disyllaba,
695 3495 784 3556 super
796 3498 815 3535 o
829 3488 860 3537 et
874 3499 898 3551 c,
919 3478 1009 3557 estjua,
1022 3477 1115 3557 lajas,
1133 3478 1202 3556 &joa

341 3576 399 3649 Eli,
417 3576 476 3646 reli,
496 3576 573 3651 mcii,
592 3574 689 3654 priore
713 3594 766 3653 per
788 3574 899 3636 ectasin
919 3575 1073 3655 producta,
1092 3594 1150 3633 non
1164 3572 1296 3653 indigent

302 3672 404 3744 senia;
425 3692 493 3732 cum
507 3671 664 3732 Lucretius
686 3672 794 3751 aliique
812 3672 882 3731 olim
896 3671 973 3751 epici
985 3671 1064 3732 idem
1082 3670 1218 3747 fecerint.
1259 3670 1295 3735 In

303 3779 403 3829 nostra
416 3769 553 3842 editione,
568 3789 634 3829 cum
647 3770 860 3850 producuntur,
874 3768 989 3848 duplice
1003 3769 1013 3827 i
1025 3768 1201 3831 scribuntur.

344 3866 451 3946 Neque
471 3866 545 3925 illud
565 3864 642 3927 inte'r
659 3868 792 3930 licentias
809 3885 955 3937 numeres,
980 3885 1046 3925 cum
1066 3866 1168 3926 comici
1181 3888 1195 3925 s
1209 3866 1297 3927 finale

304 3962 335 4020 in
354 3963 467 4042 syllaba
488 3962 578 4035 brevi,
601 3975 741 4043 sequente
766 3975 865 4024 tamen
886 3973 1074 4035 consonante,
1090 3983 1297 4044 nonnunquam

305 4058 456 4134 abjiciunt,
482 4070 516 4118 ut
541 4061 638 4131 tristi',
649 4060 809 4140 smnelicu':
832 4061 976 4140 siquidem
997 4060 1074 4122 idem
1092 4060 1166 4122 facit
1188 4061 1296 4142 passim

305 4153 472 4215 Lucretius.
513 4156 659 4216 ceterum
677 4156 757 4237 quod
771 4176 825 4217 nos
836 4157 953 4237 quidam
967 4159 1084 4231 docent,
1098 4170 1130 4219 et
1142 4157 1173 4217 in
1185 4159 1297 4240 syllaba

306 4250 395 4330 longa
415 4252 474 4312 boc
498 4252 684 4326 solere'fieri
706 4266 737 4314 et
761 4266 904 4335 sequente
917 4255 1022 4329 vocali,
1045 4267 1077 4315 et
1099 4266 1191 4316 totam
1210 4255 1297 4315 etiam

307 4348 449 4427 syllabam
476 4368 543 4409 cum
566 4370 680 4431 asaepe
705 4352 842 4424 resecari,
870 4352 1010 4413 falluntur
1034 4363 1064 4411 et
1089 4352 1204 4413 fallunt.
1259 4353 1296 4411 ln

306 4446 474 4517 consimilia,
490 4445 617 4524 aprime
635 4446 715 4522 nihil,
740 4449 794 4509 sed
819 4450 856 4509 ab
882 4460 923 4509 est
945 4449 1053 4509 vocalis
1077 4462 1246 4520 resecatur,
1264 4461 1298 4510 ut

307 4537 338 4598 in
360 4542 486 4618 palamst,
508 4554 678 4603 necessumst.
719 4546 892 4607 Mltimodis
912 4546 990 4627 apud
1012 4558 1140 4607 nostrum
1153 4566 1212 4609 non
1230 4546 1300 4609 divi·

308 4637 362 4695 sim
382 4637 500 4698 effertur
524 4641 608 4699 multi
625 4643 709 4701 modis
716 4667 728 4712 ;
749 4644 803 4704 sed
815 4664 876 4707 vox
889 4664 947 4707 una
967 4656 1012 4706 est
1026 4655 1059 4706 ut
1083 4646 1254 4707 omnimodis:
1268 4654 1299 4704 at

309 4734 464 4798 Lucretius
479 4748 602 4818 utraque
617 4738 715 4801 utitur.
