3292 5575
329 686 383 755 ii*
510 684 643 750 JUdsH·
672 683 895 751 emeritis
926 682 1196 747 sonuertnt

329 866 371 939 ed
398 865 616 950 inpresslonem
637 866 802 931 taciendam
834 866 906 929 estis
933 876 1020 941 esset,
1046 866 1087 925 in.
1104 864 1245 944 quintum.
1256 864 1387 945 preleio

328 970 443 1046 sedern,
469 970 629 1056 succedes
651 971 678 1033 ei
700 972 862 1051 spondeum
881 971 963 1045 fecit,
982 990 1072 1051 quere
1085 970 1124 1030 id
1135 989 1251 1051 quoqne
1262 968 1387 1045 jpdioio·

329 1075 482 1139 consecuti
498 1096 597 1139 sumus
617 1096 691 1150 nos,
702 1078 832 1161 propius.
843 1078 883 1140 ed
900 1087 1033 1139 nstutsm
1050 1076 1175 1157 pestium
1189 1093 1387 1143 secessumm·

328 1180 420 1245 fuisso
433 1191 530 1243 totum
542 1200 668 1253 versum,
688 1182 712 1243 si
725 1184 841 1259 jambus
854 1181 1022 1263 imparibus,
1043 1180 1320 1260 trocheuspnribns
1332 1198 1389 1241 se-·

330 1286 420 1351 dtus
429 1285 579 1349 constituti
591 1286 731 1347 fuissent,
766 1287 911 1364 cujasset
923 1288 1112 1368 exemplum„
1123 1285 1260 1368 quonian
1273 1296 1390 1347 resest

329 1390 425 1455 minus
435 1391 550 1465 unum,
564 1411 582 1452 e
595 1393 702 1455 nostris
715 1392 869 1472 poematiis
882 1393 1071 1472 subjiciemus
1079 1412 1171 1452 unum
1180 1411 1219 1451 ex
1222 1389 1386 1467 jembicise

330 1498 410 1560 mdis
419 1497 541 1577 summu
555 1496 728 1577 Comocopioe
736 1499 838 1579 fundit
850 1500 975 1560 alterum
988 1518 1026 1560 ex
1035 1497 1209 1560 nochdeis:
1230 1499 1266 1556 ri
1274 1496 1381 1573 plaudit

330 1602 543 1683 mulisfortunn,
561 1604 788 1683 quidjustisfit?
808 1604 970 1673 Quiflextm
983 1624 1170 1665 numerorum
1183 1601 1208 1663 si
1221 1600 1271 1663 cui
1280 1602 1381 1663 absu-

332 1710 388 1775 dus
397 1709 523 1788 videtur,
536 1710 561 1773 is
573 1712 737 1775 meminerit
750 1710 1119 1775 sumumcousuetudinem
1131 1708 1289 1771 violentem
1303 1725 1383 1767 esse:

332 1834 497 1897 novemque
510 1826 599 1896 etque
612 1816 751 1879 inminse
763 1838 823 1879 uon
835 1828 896 1879 mm
909 1836 1025 1897 semper
1036 1813 1181 1887 admirari,
1203 1831 1382 1894 quem-sesps

332 1940 488 2002 respuere,
533 1922 645 1984 Verum
667 1933 962 2003 magnoperenostrs
977 1920 1176 2000 interestqui
1198 1918 1388 1999 qnosdlioet
1495 1928 1499 1934 '

334 2027 503 2090 Aristotelis
517 2029 653 2110 exemplo
663 2049 762 2091 rerum
772 2048 876 2091 essuos
886 2029 1074 2107 vestigemus,¹
1086 2027 1218 2087 venerari
1231 2024 1384 2095 rstionem,

333 2144 458 2216 propter.
474 2154 562 2216 wem
583 2154 652 2195 cum
668 2137 769 2212 jembn
789 2135 892 2195 sedem
909 2133 1093 2213 assignarem
1110 2132 1216 2214 prisci,⁴
1228 2130 1390 2192 mulserint

334 2258 421 2320 peres
442 2239 590 2299 retinere..
620 2240 699 2301 Nom
720 2240 745 2300 ei
760 2241 802 2301 in,
813 2240 962 2321 dactylico
979 2240 1095 2301 senene
1107 2257 1167 2298 une
1181 2248 1296 2299 tontum
1316 2236 1397 2297 sotis.

335 2345 402 2419 fuit,
422 2344 673 2427 quintcscilicets
694 2346 818 2407 siveille
834 2346 891 2407 fuit
911 2345 1097 2427 spondeicus,
1117 2342 1330 2416 unsitomduit
1342 2361 1392 2403 ss·

335 2450 393 2522 tier
403 2450 513 2533 quippe
530 2460 643 2512 sextas
657 2470 748 2532 quare
767 2453 907 2513 trocheo
917 2451 1053 2531 imperes,
1074 2450 1147 2511 olias
1160 2450 1268 2527 jumbo.
1282 2448 1390 2511 eonsti-

335 2554 442 2616 tuere?
463 2573 531 2617 nens
550 2555 609 2617 hoc
628 2555 1087 2636 senepmeternstursmfsctum
1100 2555 1225 2615 videtur.
1266 2552 1395 2615 Etenim

336 2682 391 2744 per
405 2660 487 2723 initis
508 2660 532 2723 si
553 2660 624 2723 solis
641 2672 692 2723 ent
701 2662 808 2741 jembis
821 2674 878 2723 eut
886 2662 1141 2723 trocheisversus·
1148 2661 1333 2732 constabunt,
1345 2659 1387 2719 vi·

337 2768 424 2832 detur
437 2786 507 2835 sene
520 2768 643 2849 primunt
655 2787 802 2850 quemque
816 2769 916 2831 sedem
930 2770 996 2831 illos
1008 2768 1137 2850 arripere
1151 2767 1299 2829 debuisse
1318 2763 1389 2833 Qui·

336 2874 393 2934 bus
406 2874 505 2934 verbis
516 2884 549 2933 ut
559 2873 763 2952 respondeam,
783 2894 856 2935 sene
868 2876 993 2956 primum
1012 2875 1055 2935 sic
1066 2894 1173 2954 egam„
1182 2892 1325 2935 nonesse
1340 2891 1386 2932 τοι

338 2999 404 3040 rum
413 2989 546 3040 netursm
561 2989 679 3040 secutos
692 2989 807 3040 veteres
816 2991 939 3059 poetsss
959 2982 1052 3042 mults
1060 2981 1122 3040 [illis
1129 3001 1182 3060 pro
1195 2979 1315 3040 libidine
1325 2979 1389 3039 ise·

340 3095 373 3146 ts
384 3082 597 3155 murenulis
615 3083 736 3144 fortuito
750 3083 901 3158 excidisse,
918 3105 986 3167 qum
998 3095 1101 3165 postes
1120 3105 1173 3164 pro
1185 3084 1308 3164 legibus·
1321 3103 1388 3162 pro·

338 3189 487 3254 serentur.
530 3188 714 3252 Unumillud
727 3189 797 3250 setis
816 3202 943 3265 constet,
964 3211 1032 3252 cum
1053 3191 1187 3253 trocheo
1205 3191 1316 3252 sedem.
1327 3189 1387 3270 pri-

340 3314 419 3358 mam
432 3275 604 3367 retinerent,
624 3315 684 3355 non
696 3295 863 3356 inconsulto
877 3297 1022 3359 diversam
1034 3297 1134 3370 ubres,
1155 3308 1186 3358 et
1198 3296 1260 3356 eliis
1272 3295 1388 3377 imperi·

339 3399 397 3462 bus
408 3399 531 3460 adverso
552 3400 622 3480 pedi
640 3401 741 3479 jembo
758 3398 930 3479 essignaese.
970 3404 1070 3468 Quare
1093 3412 1190 3462 sutem
1208 3401 1285 3461 benc
1308 3399 1388 3472 huic,

341 3504 479 3566 illsmtlti
499 3503 690 3576 reddiderint,
709 3523 780 3566 sene
797 3507 878 3569 haud
895 3508 983 3570 focile
996 3521 1042 3570 est
1049 3509 1215 3581 intellectu,
1235 3520 1325 3588 etque
1342 3508 1390 3568 hic

342 3606 460 3692 quidem
468 3609 513 3670 its
525 3609 613 3670 sentit
627 3608 806 3676 Priscianus:
830 3614 978 3694 quonism,
997 3615 1098 3693 inquit,
1118 3615 1151 3674 in
1164 3614 1296 3674 secundo
1312 3614 1391 3694 pede

343 3735 413 3777 cum
427 3714 606 3776 dimetiendo
616 3715 754 3778 ¹feriretur
766 3738 878 3789 versus,
898 3719 997 3779 minor:
1007 3718 1034 3778 ei
1047 3719 1323 3790 loeomors‘debite
1336 3729 1390 3780 est

343 3821 423 3882 Nem
437 3821 620 3882 mibicontrs
632 3822 756 3896 videtur,
777 3829 917 3900 iuniorem
929 3845 1040 3886 moram
1051 3824 1151 3887 deberi
1164 3825 1195 3886 in
1205 3825 1392 3906 pronuntiem

343 3927 394 4000 do,
414 3926 464 3988 ubi
478 3939 610 4006 tempore
626 3925 689 4008 ipso
702 3928 898 3991 immoremur.
938 3931 979 3990 Et
990 3931 1096 3992 salsum
1115 3943 1194 3993 esset
1209 3932 1249 3992 ibi
1263 3932 1391 4012 positum

345 4032 463 4112 pedem,
484 4030 621 4112 quoniam
643 4031 799 4094 feriretur:
818 4035 873 4095 sed
891 4047 1004 4098 contre·
1024 4057 1125 4098 verum
1141 4049 1227 4111 esset,
1240 4038 1282 4098 ibi
1300 4037 1391 4110 feriri,

345 4137 483 4216 quonism
500 4157 553 4218 pes
571 4149 738 4217 poneretur.
778 4139 818 4199 At
831 4141 888 4202 hoc
901 4143 1057 4224 quterimus
1070 4164 1148 4204 nunc
1160 4165 1226 4216 nos,
1246 4165 1336 4224 quem
1353 4144 1403 4205 ob·

348 4259 466 4304 causam
479 4241 519 4300 ibi
532 4243 642 4322 positus
655 4243 702 4306 sit.
744 4244 894 4308 Praeteres
905 4248 930 4307 si
949 4268 986 4308 en
998 4249 1071 4309 rstio
1089 4260 1144 4320 est,
1165 4251 1312 4328 quomodo
1325 4269 1394 4309 con-

348 4347 438 4408 stabit
457 4346 488 4408 in
508 4349 673 4422 trochaicis,
696 4349 746 4430 qui
762 4350 871 4410 ibidem
892 4351 1045 4425 feriuntur,
1063 4365 1098 4413 ut
1116 4354 1205 4433 igitur
1225 4353 1393 4434 questionis

349 4453 491 4520 rationem
512 4455 591 4534 opud
612 4476 665 4516 nos
681 4467 824 4536 putemus,
846 4457 1040 4538 intelligamus
1059 4462 1221 4524 secundum
1240 4464 1393 4522 verborum

349 4557 544 4622 inventionem
560 4579 634 4634 esse,
654 4572 686 4622 st
705 4582 724 4624 e
744 4563 840 4642 longis
852 4562 1032 4645 incipiemus,
1054 4577 1085 4626 et
1102 4566 1133 4627 in
1150 4567 1253 4628 breues
1267 4567 1393 4628 deduce·
