3292 5575
527 1095 590 1162 DE
612 1092 889 1163 GENERIBUS
913 1091 1270 1162 COMOEDIARUM.

856 1317 948 1348 ,-

427 1497 481 1553 NE
498 1503 613 1570 spatium
624 1518 741 1555 vacuum
752 1502 797 1556 hio
805 1503 1009 1572 relinqueretur,
1020 1499 1284 1553 dissertatiunculam
1296 1496 1329 1548 de
1339 1510 1418 1562 geue·

392 1579 466 1632 ribus
483 1581 687 1647 comoediarum,
701 1583 847 1636 maximam
860 1575 964 1652 partem
981 1598 1016 1635 ex
1029 1581 1145 1634 Glsberti
1157 1579 1258 1647 Cuperi
1269 1577 1416 1629 Obeenatt.

393 1659 417 1713 1.
430 1664 471 1714 10.
481 1661 678 1728 baustam‚sed,
690 1666 721 1716 ut
731 1663 865 1728 brevitati,
875 1679 957 1732 quam
966 1662 1045 1731 spatii
1054 1662 1141 1714 relicti
1152 1659 1279 1728 augustia
1288 1655 1420 1726 poscebat,

392 1743 588 1807 consuleretur,
606 1749 696 1798 nostro
713 1746 794 1798 modo
813 1749 963 1805 metatam,
983 1743 1161 1809 adjiciendam
1173 1741 1420 1810 putarimus,prop-

393 1826 468 1876 terea
477 1827 551 1893 quod
573 1825 700 1880 Donatus
710 1824 767 1895 ipse
780 1829 809 1878 et
820 1825 973 1878 Euanthius
983 1828 1010 1877 iu
1022 1824 1073 1876 boo
1085 1837 1183 1890 genere
1194 1820 1323 1873 nonnulla
1333 1831 1422 1886 porpe-

392 1919 451 1956 rsm
464 1905 598 1959 dixerunt.
632 1905 744 1970 Fabula,
754 1905 803 1958 ubi
813 1905 848 1956 de
861 1911 965 1971 Δςάμιπ
976 1903 1100 1964 occurrit,
1111 1909 1151 1953 est
1161 1917 1260 1953 nomen
1270 1899 1381 1966 generis,
1394 1899 1421 1947 et

394 1985 582 2054 complectitur
601 1988 839 2058 uogoediousstqsu
856 1986 1002 2038 comediam
1012 1984 1063 2052 (sie
1075 1983 1157 2036 debet
1176 1981 1314 2034 emendari
1329 1979 1357 2030 iu
1369 1977 1422 2030 edi·

394 2067 477 2131 tione,
485 2084 547 2136 quae
558 2084 644 2138 nuper
654 2070 690 2122 A.
701 2068 812 2124 imin
824 2067 875 2121 bac
885 2067 952 2120 urbe
964 2071 1005 2118 est
1016 2064 1137 2133 repetita,
1147 2064 1196 2116 sed
1205 2061 1384 2115 miserandum
1395 2059 1421 2109 iu

394 2148 506 2199 modum
517 2163 564 2216 per
574 2136 710 2201 incuriam¹
718 2153 747 2201 et
762 2148 896 2202 inscitiam
907 2148 1047 2200 bominum
1055 2145 1125 2198 vitiis
1134 2141 1335 2212 conspurcata)
1368 2140 1421 2192 Pri·

395 2243 470 2280 mum
481 2227 590 2280 omuino
601 2229 744 2282 comoedias
765 2229 921 2282 dividuntur
938 2229 966 2280 in
985 2226 1125 2290 Pallidior,
1145 2225 1170 2278 h.
1181 2241 1206 2278 e.
1219 2226 1338 2286 Graecas,
1348 2227 1376 2274 et
1386 2231 1422 2273 to-

392 2317 478 2378 gatos,
498 2307 525 2361 b.
537 2324 563 2362 e.
582 2310 675 2362 Latini
688 2311 853 2377 ‘argumenti
889 2309 974 2363 Pallio
997 2308 1117 2369 enimet
1137 2311 1202 2374 toga
1224 2311 1339 2374 utraque
1359 2319 1424 2370 gens

395 2388 626 2456 distinguebatu13
653 2394 795 2444 natusest
813 2388 945 2444 Polliutas
962 2388 1081 2442 &metm
1096 2389 1172 2457 apud
1182 2387 1245 2439 Val-
1257 2386 1336 2439 Max.
1349 2389 1378 2437 et
1387 2393 1424 2436 to·

392 2478 457 2538 gato
471 2487 536 2540 geas
555 2472 677 2539 Augusti
696 2472 769 2540 apud
789 2471 958 2525 Suetonium.
993 2471 1101 2523 Deinde
1122 2471 1238 2522 Romani
1261 2485 1325 2521 cum
1346 2471 1424 2520 autes

395 2566 501 2618 semper
512 2567 528 2603 e
539 2553 641 2605 Graecis
652 2569 702 2605 sna
711 2552 847 2618 iecissent,
858 2553 968 2604 tandem
984 2551 1035 2620 ipsi
1047 2551 1198 2619 argumenti
1209 2549 1307 2618 proprii
1324 2564 1425 2602 summ·

395 2635 459 2683 mut
470 2630 586 2697 fabulas,
606 2649 674 2702 quas
685 2634 727 2686 vel
739 2633 773 2686 ab
791 2632 897 2698 babitu,
905 2633 951 2685 uel
962 2651 979 2686 a
989 2633 1058 2697 ioco,
1069 2631 1112 2684 vel
1123 2631 1158 2683 ab
1169 2635 1279 2682 auctore
1291 2628 1426 2697 cognoui-

395 2717 511 2777 namnt3
529 2715 621 2779 veluti,
640 2717 823 2784 praetextatas,
842 2717 956 2781 togatas,
973 2715 1147 2776 tabernarias,
1168 2711 1319 2776 attellanae,
1342 2711 1426 2779 plani-

396 2794 487 2862 pedes,
504 2796 647 2859 trabeatos,
659 2797 787 2866 aliasque,
799 2812 868 2865 quas
879 2797 1007 2865 deinceps
1017 2810 1216 2865 persequemur.
1245 2794 1427 2857 Praeterea,

398 2891 446 2927 seu
463 2886 611 2946 protectos,
622 2877 645 2929 si
662 2878 738 2931 locus
751 2877 852 2931 Donati
864 2878 898 2931 ad
911 2878 990 2932 Adel.
1004 2878 1074 2931 Prot.
1086 2882 1112 2930 7;
1125 2881 1166 2929 est
1177 2891 1268 2940 sanus,
1281 2874 1428 2927 Diomedes

397 2962 470 3010 reete
478 2959 625 3023 contendit,
637 2975 696 3011 esse
709 2959 808 3012 similes
818 2960 976 3012 Graecorum
985 2958 1134 3026 tragoediis,
1145 2958 1193 3010 scd
1206 2962 1312 3009 tautum
1322 2958 1427 3009 diliene

396 3040 426 3091 in
437 3055 478 3105 eo,
491 3042 562 3109 quod
581 3041 620 3094 ibi
630 3057 707 3109 reges
720 3041 846 3105 Romani,
857 3045 905 3094 aut
916 3042 1087 3109 magistratus
1099 3040 1222 3107 majores,
1239 3041 1285 3108 qui
1296 3044 1429 3107 praetexta

397 3124 462 3188 toga
474 3125 593 3186 utantur,
604 3123 769 3199 inducantur
779 3138 926 3191 eorumque
934 3139 977 3175 res
987 3127 1070 3189 gestae
1083 3127 1206 3189 agantur.
1232 3121 1314 3173 Tales
1326 3122 1352 3173 in
1362 3136 1429 3189 pue·

397 3200 460 3253 ritis
471 3201 614 3269 scripserat
625 3203 742 3267 Persius,
754 3203 795 3255 uti
807 3208 902 3256 auctor
919 3202 978 3269 ejus
998 3203 1061 3256 vitae
1074 3201 1163 3255 tradit.
1199 3201 1273 3253 lliue
1284 3206 1366 3270 patet,
1384 3218 1430 3253 eos

399 3296 494 3347 errare,
505 3283 553 3350 qui
570 3286 744 3351 praetextatas
753 3284 788 3336 ad
797 3284 946 3337 comoedias
955 3284 1081 3355 relemut,
1090 3298 1154 3335 cnm
1165 3284 1255 3350 potius
1265 3282 1364 3334 fabulae
1376 3283 1430 3335 aiut

399 3362 579 3431 appellandas·
615 3362 723 3433 Togata
732 3364 834 3433 duplici
845 3364 973 3418 dicuntur
986 3380 1076 3429 seusu,
1090 3364 1132 3417 vel
1149 3364 1247 3426 latiori,
1260 3363 1316 3427 nbi,
1328 3367 1359 3415 ut
1369 3363 1431 3415 dix-

294 3439 298 3448 '
398 3444 480 3511 imus,
491 3445 616 3498 universe
637 3444 742 3498 tabulas
763 3446 901 3499 Romanas
921 3446 1088 3513 siguificaut3
1104 3447 1147 3498 rel
1159 3444 1371 3512 angustioriubi
1383 3462 1431 3513 op-

399 3530 537 3594 ponuntur
546 3528 714 3595 pretextatis
734 3531 763 3582 et
773 3528 909 3593 trabeatis,
921 3528 1120 3596 respiciuntque
1132 3528 1272 3595 populum.
1301 3526 1346 3578 Sic
1357 3532 1431 3578 certo

400 3607 474 3675 apud
486 3607 583 3661 Horat.
592 3607 622 3661 in
633 3609 701 3661 Arte
711 3613 773 3663 288.
792 3610 966 3662 Praetoxutae
984 3609 1188 3677 distinguuntur
1209 3624 1226 3660 a
1238 3609 1344 3675 legatia
1363 3605 1432 3659 Pro·

400 3688 478 3741 Doto
488 3705 606 3758 qnoque,
617 3706 732 3759 quarum
741 3692 906 3744 inventorem
924 3692 1021 3743 Gaium
1042 3690 1185 3743 Melissum
1197 3706 1256 3742 esse
1266 3688 1431 3741 narratSne-

400 3772 492 3823 tonius
512 3787 571 3839 cap·
581 3775 625 3825 21.
648 3772 683 3823 de
705 3772 807 3825 Illustr.
831 3772 990 3825 Grammatt.
1010 3770 1136 3824 babuisse
1160 3771 1283 3823 videntur
1303 3784 1430 3837 personas

400 3853 525 3915 illustres,
537 3853 621 3905 veluti
632 3853 837 3922 triumphantes,
848 3854 977 3922 aliosque,
997 3852 1097 3921 quibua
1116 3851 1163 3918 jus
1181 3852 1282 3904 trabeae
1303 3854 1384 3917 esset,
1403 3854 1430 3903 et

400 3933 468 3986 torte
478 3936 553 4002 ipsos
564 3934 663 4001 Reges.
687 3936 824 3987 Ceterum
834 3934 869 3986 de
877 3934 928 3987 hoo
938 3934 1037 3987 uestitu
1049 3932 1103 3987 vid.
1111 3933 1220 3986 Manut.
1232 3933 1267 3985 de
1279 3932 1374 3997 Quies.
1385 3948 1431 4000 per

400 4014 490 4083 Epist.
508 4014 688 4081 Tuber-sturiae,
708 4033 777 4086 quas
794 4016 920 4069 Donatus
938 4016 1043 4069 duobus
1054 4016 1083 4067 in
1104 4016 1170 4067 locis
1189 4031 1206 4068 a
1224 4014 1322 4082 togatis
1340 4014 1433 4065 distin-

401 4098 469 4162 guit,
488 4097 587 4150 Festus
598 4114 737 4167 perperam
753 4100 792 4151 ait
811 4092 902 4164 luisse,
913 4099 940 4150 in
952 4098 1051 4165 quibus
1070 4096 1224 4149 bominibus
1234 4096 1431 4149 excellentibus

401 4178 485 4231 otiam
496 4178 611 4232 humiles
622 4184 712 4233 essent
723 4179 858 4250 permixti.
894 4180 966 4232 Nam
984 4180 1023 4231 ita
1044 4182 1109 4232 suut
1130 4179 1219 4241 dieue,
1230 4178 1305 4246 quod
1316 4192 1381 4229 curn
1393 4180 1431 4227 ta·

402 4259 492 4311 bernis
502 4275 592 4313 scenae
603 4261 822 4330 disponebantur,
838 4264 866 4313 et
882 4259 1055 4313 continebant
1067 4260 1176 4329 opifices
1187 4260 1343 4322 sellularios,
1355 4258 1433 4309 aiios-

401 4354 457 4405 que
468 4340 516 4406 qni
532 4342 561 4393 in
572 4340 690 4395 tabernis
707 4342 843 4409 degebant
855 4342 1006 4410 tunicisque
1023 4341 1112 4393 induti
1122 4346 1212 4409 partes
1231 4354 1295 4391 suas
1305 4338 1430 4405 agebant.
1491 4388 1496 4397 ,

402 4415 529 4471 Donatus
549 4428 646 4486 narrat,
665 4422 803 4475 nonnullis
821 4420 986 4473 tabernarias
1007 4425 1119 4473 vocatas
1136 4436 1195 4473 esse
1214 4420 1344 4489 palliatas·
1379 4419 1432 4473 Sed

402 4496 570 4555 hauddubie
588 4504 633 4555 isti
644 4503 766 4557 homines
783 4506 913 4557 errarunt.
948 4502 1058 4555 Etenim
1076 4502 1194 4573 primum
1205 4516 1258 4555 uon
1270 4516 1366 4554 omnes
1376 4500 1432 4568 psl·

402 4578 475 4635 liare
486 4582 543 4636 tam
553 4583 621 4640 silos
630 4584 748 4654 meunt,
756 4589 788 4640 ut
805 4584 1014 4639 tabernariarum
1027 4600 1125 4638 nonen
1135 4586 1308 4639 mererentur.
1326 4578 1432 4634 Deinde
