3292 5575
702 715 767 776 DE
797 714 995 777 Msuurs.
1304 723 1364 779 xe*

319 903 348 954 et
367 895 466 955 unicos
486 914 577 973 porco.
619 892 734 954 Rursus
757 894 878 967 ibidem,
900 898 1008 955 dhrim
1028 896 1134 957 uiuendi
1146 895 1213 975 fnit
1231 886 1365 973 potestus,

320 1022 381 1061 sorr
400 1010 490 1074 antec,
511 1005 564 1059 dc.
597 998 682 1076 item
703 1000 732 1059 in
752 1001 1109 1074 cenommannica
1129 1003 1212 1062 Duce
1230 1004 1298 1061 niiil
1311 1004 1367 1068 ,loci

318 1116 368 1177 eet,
384 1111 437 1166 &a
479 1106 607 1167 Carmen
625 1105 702 1166 enim
715 1106 818 1188 incipit
831 1110 869 1168 ab
882 1120 1041 1191 anapesto.
1082 1110 1123 1169 Et
1139 1121 1209 1171 ante
1226 1110 1374 1171 insecus,

318 1213 421 1293 prima.
463 1214 621 1273 Enimvero
635 1224 799 1293 spectatum
811 1215 891 1276 sctis.
923 1215 1060 1275 ·Eliditur
1078 1226 1110 1277 et
1122 1235 1146 1288 s,
1160 1227 1224 1277 tum
1242 1214 1273 1274 iu
1291 1216 1376 1288 sinen

319 1319 534 1382 tumiumedio
546 1319 685 1381 dictione.
1114 1372 1117 1380 ,
1203 1363 1206 1375 .

359 1425 396 1485 In
404 1426 480 1497 sine,
494 1436 528 1485 ut
539 1424 571 1484 in
581 1422 675 1503 prima
684 1443 782 1485 scena.
817 1425 949 1505 Sedqsid
960 1446 1027 1503 opus
1039 1436 1080 1487 eet
1093 1427 1200 1487 wne!
1218 1426 1282 1487 Sed
1296 1425 1376 1507 quid,

320 1535 425 1612 opu'st.
466 1531 547 1591 Elisa
560 1530 645 1591 simrrl
659 1540 691 1589 et
703 1530 799 1591 vocali
813 1552 837 1590 e.

361 1635 445 1697 ldem
454 1635 491 1697 ‘dt
505 1638 534 1695 in
546 1637 624 1709 suth,
641 1656 688 1694 nec
702 1638 771 1696 suth
784 1638 869 1716 digna
881 1639 925 1697 cni
938 1639 1099 1711 conmittens,
1112 1642 1167 1699 &c-
1209 1638 1323 1698 Rursus
1336 1637 1366 1696 in

319 1740 442 1820 prologo
456 1740 588 1813 cladrim,
602 1738 673 1799 fitin
683 1739 780 1800 medio
791 1739 937 1813 dictionis,
946 1741 1035 1801 idisti
1044 1742 1225 1822 vituperant:
1246 1743 1367 1823 aliisque

319 1843 391 1903 locis
400 1844 605 1924 compluribus,
619 1864 743 1924 quorum
757 1844 867 1925 aliquot
879 1846 910 1904 iu
922 1847 1053 1925 margine
1066 1848 1275 1908 annotavimus.
1317 1848 1367 1906 In-

320 1950 434 2011 tardum
456 1951 569 2011 elidunt
588 1950 609 2023 l,
631 1962 664 2010 ut
680 1950 709 2009 in
730 1950 823 2031 prium
842 1971 933 2011 scena
949 1952 1081 2025 Andrias,
1099 1973 1152 2031 pro
1172 1976 1254 2012 unere
1274 1954 1369 2012 lubere

320 2058 387 2145 lonc
403 2058 586 2137 peregrinant,
600 2076 657 2136 ego
671 2056 742 2116 illud
755 2055 876 2118 sedulo:
897 2067 931 2117 ut
940 2059 1050 2137 grinon
1069 2078 1120 2137 ego
1132 2059 1162 2130 il,
1177 2059 1288 2120 faciant
1297 2059 1368 2119 dec·

320 2161 424 2242 tylum.
465 2162 556 2225 Hauc
573 2162 738 2223 libertatem
751 2164 922 2243 frequenter
941 2174 1063 2244 usurpat
1077 2164 1236 2237 Homerus,
1258 2165 1328 2225 dum
1343 2184 1369 2238 s,

320 2267 403 2329 elidit
422 2268 451 2327 in
471 2267 597 2341 diseede,
618 2278 648 2328 et
670 2254 690 2339 l,
711 2267 742 2329 in
762 2270 889 2351 ἀχιλείις.
931 2269 1140 2349 Soepenumero
1158 2272 1369 2337 convehuntur

320 2376 450 2449 vocales,
459 2376 541 2441 velut
553 2376 584 2435 in
597 2375 651 2448 his,
662 2376 738 2456 fuit,
751 2376 822 2447 deos,
838 2378 904 2449 dies,
917 2397 1000 2449 meus,
1015 2398 1090 2450 eune,
1109 2377 1190 2455 mino,
1204 2378 1279 2449 nihil,
1293 2379 1371 2449 mihi,

322 2493 355 2541 ut
366 2482 423 2542 sint
435 2483 646 2563 monosyllaba.
689 2481 827 2543 Similiter
840 2484 874 2555 ei,
890 2485 980 2561 injus,
993 2487 1083 2563 enne,
1097 2484 1297 2563 monosyllaba
1316 2503 1370 2562 po·

322 2597 428 2649 nuntur
441 2588 584 2652 subinde:
603 2608 703 2660 conen,
717 2607 837 2647 meorum
850 2588 1017 2669 dissyllaba.
1057 2589 1182 2648 Liberius
1194 2589 1302 2647 vivendi
1303 2588 1370 2668 suit

320 2702 459 2769 potestne:
486 2695 513 2751 di
529 2694 604 2773 snit,
625 2693 697 2753 facit
716 2694 890 2773 spondeum.
932 2693 1010 2753 Scan
1027 2714 1109 2771 posse
1132 2696 1228 2753 indere
1241 2698 1306 2771 jem
1325 2695 1368 2769 ip-

322 2820 380 2858 oren
398 2819 463 2872 nnc,
477 2805 531 2861 dec.
572 2800 652 2860 Scins
667 2821 747 2878 ponec
765 2801 914 2880 spondeus
934 2813 999 2861 estc
1020 2810 1050 2861 et
1068 2820 1131 2873 eun,
1150 2799 1239 2890 unico
1257 2798 1371 2879 syllaba

321 2917 376 2966 est.
416 2906 512 2968 Meum
523 2913 639 2985 ςιιαιιιιη
656 2927 748 2966 rumor
767 2916 808 2964 ent
822 2927 922 2966 umore.
953 2907 1049 2966 Meum
1064 2927 1132 2986 gns,
1152 2905 1300 2984 spondeus
1313 2917 1369 2971 esta

322 3013 397 3074 Item
410 3014 524 3074 antehoc
538 3011 729 3092 dissyllabum
750 3022 804 3072 cst.
846 3012 925 3074 Nam
938 3012 1018 3091 quod
1037 3012 1163 3072 antehac
1177 3011 1258 3072 fecit.
1300 3011 1370 3072 Fre-

323 3128 449 3198 quenter,
459 3115 577 3176 eliditur
589 3117 620 3188 d,
632 3116 662 3176 in
675 3118 748 3194 quid,
761 3128 791 3176 et
806 3119 854 3176 ted
865 3118 1028 3197 provocali,
1041 3128 1073 3177 et
1085 3117 1160 3177 sicut
1173 3117 1203 3176 in
1213 3117 1369 3194 periculum,

321 3223 453 3282 elidimus
467 3241 505 3281 u:
526 3220 603 3280 idem
616 3219 664 3279 hic
676 3221 750 3281 facit
763 3221 793 3280 in
803 3224 943 3298 pannium
957 3232 988 3280 et
1001 3223 1135 3280 mnium.
1176 3223 1255 3289 Quin
1268 3233 1299 3280 et
1312 3224 1371 3302 syl-

321 3327 395 3388 labae
410 3325 546 3407 quiedam
559 3325 645 3385 aliter
655 3327 892 3406 pronunciantur,
908 3345 995 3407 quam
1009 3326 1089 3405 apud
1099 3326 1276 3386 recentiores
1291 3345 1371 3385 usur-

320 3443 399 3512 patee
419 3441 488 3492 sunt
507 3432 588 3492 velut
607 3431 637 3490 in
657 3433 783 3508 mepicio,
805 3433 937 3493 secunda
954 3431 1142 3511 producitur:
1165 3432 1369 3494 undcsactum

321 3549 374 3610 est,
385 3549 419 3598 ut
432 3537 551 3616 quidam
564 3537 666 3616 legunt
676 3540 878 3616 suspectionem.
913 3519 1047 3598 ⁴Rursum
1060 3537 1091 3596 in
1104 3556 1177 3608 carc,
1193 3539 1268 3608 node,
1283 3558 1369 3609 mone,

317 3659 353 3708 >et
366 3647 410 3706 ubi
427 3643 521 3706 finalis
535 3643 697 3722 corripitur.
739 3643 866 3702 Minimo
886 3653 1034 3703 momento
1053 3653 1182 3705 motatur
1200 3662 1292 3720 genus
1308 3661 1371 3719 car-

322 3753 415 3826 minis,
432 3750 561 3812 velutin
581 3759 664 3810 actus
681 3750 786 3829 quarti,
806 3769 895 3810 scena
916 3750 941 3808 Ι.
985 3749 1016 3808 Si
1035 3749 1127 3828 legas,
1142 3747 1173 3807 in
1194 3745 1369 3825 denegando

322 3859 410 3920 modo
423 3857 486 3938 quis
499 3856 595 3936 pudor
609 3866 653 3916 est
666 3857 824 3936 paululum.

363 3965 508 4026 Trimetcr
521 3974 568 4024 est
577 3963 734 4042 jambicus.
759 3963 874 4022 Rursus
887 3962 911 4021 si
924 3963 955 4020 in
967 3972 1108 4022 annectas
1122 3961 1172 4020 lini
1181 3978 1282 4019 versus
1294 3978 1369 4037 preo-

322 4069 464 4140 cedentis,
486 4087 585 4128 versus
607 4067 753 4130 constabit
770 4078 894 4146 quatuor
915 4065 1038 4126 creticis.
1079 4066 1261 4148 Denegando
1281 4065 1371 4124 modo·

324 4179 382 4257 quie
392 4176 496 4254 pte-dor
508 4182 549 4232 eat
559 4175 708 4248 paululum.
746 4171 778 4230 Si
791 4171 820 4230 in
833 4173 919 4242 modu,
932 4171 1024 4231 facias
1037 4170 1242 4251 pyrrhichium,
1253 4171 1308 4256 erit
1319 4171 1369 4230 tri·

322 4293 416 4342 meter
429 4277 595 4340 trochaicus
609 4277 808 4337 catalecticus.
846 4275 1029 4354 Dece-gundo
1041 4277 1117 4334 modo
1130 4277 1191 4353 quir
1199 4278 1302 4353 pre-dor
1315 4285 1369 4335 eat·

319 4386 467 4462 paululum.
510 4383 601 4443 Porro
628 4382 704 4442 inter
725 4382 870 4458 Jambicos
897 4391 1082 4442 tetrametros
1108 4383 1315 4454 acatalecticus
1338 4393 1370 4444 et

322 4489 487 4551 trochaicos
507 4499 692 4549 tetrametros
707 4487 901 4560 catalecticos,
917 4499 999 4548 tanta
1018 4499 1071 4548 est.
1082 4488 1213 4560 affinitas,
1227 4501 1261 4549 ut
1281 4491 1371 4553 inter·

322 4597 390 4664 dum
409 4596 479 4662 nihil
494 4596 601 4662 reserat
615 4597 741 4660 eundem
755 4615 870 4666 versum
886 4608 984 4666 utrum
997 4617 1049 4678 per
1063 4600 1180 4674 jambos
1194 4618 1231 4660 au
1243 4617 1297 4678 per
1309 4607 1368 4670 tto·
