3292 5575
301 660 338 717 x*
716 662 932 725 RUFINUS

631 840 756 904 Sisenna
768 842 798 902 in
810 840 951 903 Rudente
960 840 1020 903 sic:

298 942 365 1002 Fuit
378 950 497 1005 extenta
509 945 603 1025 prima
622 946 736 1028 syllaba
751 947 839 1008 metri
852 965 940 1008 musa
952 957 985 1007 et
996 955 1100 1027 postea
1112 944 1175 1006 sic:
1199 943 1340 1005 nobiliore
1394 954 1402 968 ·

294 1058 389 1110 metro
410 1069 480 1109 usus
501 1060 556 1125 est,
571 1068 605 1111 ut
625 1051 701 1113 solet
714 1050 745 1112 in
757 1051 912 1113 mulierum
932 1050 1073 1113 oratione.
1093 1050 1203 1113 Postea
1214 1050 1275 1113 sic:
1297 1052 1340 1111 la·

182 1218 185 1224 ,
294 1162 407 1213 tronem
420 1153 559 1233 producit
566 1154 650 1216 metri
663 1174 761 1217 causa.

535 1259 619 1320 Idem
631 1260 754 1323 Sisenna
767 1260 798 1321 in
808 1259 1027 1341 Amphytriona
1036 1260 1100 1323 sict

295 1362 352 1423 His
362 1374 486 1443 quatuor
494 1364 651 1445 generibus
670 1364 801 1445 quintum
813 1365 943 1439 aceedit,
961 1366 1000 1427 de
1017 1380 1127 1445 genere
1140 1383 1275 1427 versuum
1289 1364 1339 1446 qui

294 1489 353 1529 non
366 1482 434 1530 sunt
446 1471 620 1534 uniusmodi.

518 1584 521 1591 ·
581 1563 667 1626 Idem
682 1564 848 1627 Sisennuiu
862 1564 993 1646 Captivis
1004 1564 1068 1626 sic:

293 1666 355 1727 Hic
369 1678 473 1729 ornatu
488 1668 509 1729 S
522 1668 638 1729 literam
655 1669 742 1733 metri
756 1688 846 1731 causa
858 1669 964 1732 aurisit.

562 1775 648 1836 Idem
663 1774 788 1837 Sisenna
798 1775 994 1835 innodaris
1003 1774 1063 1834 sic:

292 1876 369 1938 Haec
382 1898 480 1941 scena.
495 1880 671 1961 anapaestico
690 1892 793 1943 metro·
804 1892 860 1954 est,
883 1880 938 1941 aed
951 1880 1070 1941 concisa
1080 1888 1157 1954 tunt,
1176 1890 1281 1939 utnon
1294 1878 1337 1939 in·

260 2054 263 2061 Ι
292 1982 417 2061 telligas.

570 2079 590 2139 J
592 2079 650 2139 ube
659 2079 690 2139 in
702 2079 777 2141 libro
790 2088 894 2160 quarto
913 2078 957 2139 sic
970 2078 1057 2141 dicit:

289 2180 460 2242 lamborum
473 2182 572 2263 itaque
585 2186 723 2266 exempla
734 2205 802 2265 qnae
812 2186 942 2245 maxime
955 2183 1143 2264 frequentata
1156 2192 1227 2242 sunt
1238 2183 1337 2243 subdi·

290 2286 335 2347 di:
344 2289 431 2369 πάτερ
439 2289 588 2370 λυκάμβα,“
596 2300 679 2353 ποῖον
689 2292 802 2373 ἑφρᾶοω
812 2290 885 2378 ride·
893 2289 1007 2357 Δαναὸς
1017 2292 1211 2361 deterritum
1220 2293 1338 2366 θυγατέ-

288 2416 345 2471 ρων
357 2400 457 2475 scrip.
471 2398 557 2467 ξανθῇ
567 2400 675 2467 παλαιῇ
685 2399 749 2477 γρηὶ
757 2401 898 2482 πολλῇσιν
910 2398 989 2477 dala.
1001 2393 1050 2454 οἵδ’
1059 2395 1114 2454 ὑπὸ
1125 2399 1179 2475 γὰρ
1190 2396 1267 2475 ipsiu
1280 2420 1337 2455 πα·

286 2498 387 2575 pauido
402 2502 447 2558 sol
459 2505 630 2580 περικλέους.
642 2502 754 2581 ἱμάτιον
768 2504 858 2583 idipso
869 2502 1085 2583 μαλακὸνὲρίιον
1106 2507 1260 2565 σικελοιῦν.
1272 2502 1335 2563 rodi

287 2604 510 2685 προσκεφάλαιον
522 2609 605 2685 φησὶν
615 2608 677 2686 ἅμα
692 2609 737 2667 ool
749 2604 901 2688 βούλομαι.

411 2710 508 2772 Videre
518 2732 571 2771 non
580 2714 639 2772 cult
651 2710 761 2773 dotium
774 2713 915 2774 Ponoetiue

406 2819 516 2878 Misera
527 2820 633 2878 marino
643 2839 701 2896 quoe
711 2821 815 2879 insudo
824 2821 904 2878 litore

410 2921 496 2980 Vallis
502 2922 622 2998 perimat
635 2940 711 2982 omne
724 2923 814 2982 tatem
826 2922 934 2981 carulo.

406 3025 578 3104 Armiger-io
591 3025 646 3084 ido
651 3027 719 3102 pede
729 3045 800 3106 ongo
812 3027 896 3087 litora
903 3034 999 3103 petens
1203 3094 1210 3112 Ι

408 3129 523 3202 Carula,
537 3151 591 3190 ιιοιι
600 3131 681 3190 aliter
693 3151 823 3209 superans
838 3132 941 3210 liquido
953 3134 1082 3194 mucio.

404 3237 481 3315 παρὰ
495 3245 582 3316 σοφοῦ
594 3234 665 3315 μάθε
679 3237 768 3296 κλύων
781 3235 837 3295 ὅσα
850 3241 935 3297 fleur
948 3238 1114 3316 καταμάθοι.

406 3341 578 3421 Rupesucia
593 3361 659 3418 cape
669 3361 747 3419 puer,
762 3361 843 3420 sopor
851 3343 920 3415 atis,
931 3362 997 3401 cane
1005 3345 1095 3402 melos.

285 3453 321 3512 in
331 3451 389 3511 alio
398 3450 465 3510 loco
478 3448 521 3510 sic
532 3449 710 3526 :jumbicum
721 3457 845 3511 metrum
859 3468 918 3508 non
931 3469 968 3508 er
979 3448 1164 3526 solisjambis
1173 3449 1330 3511 conscribi·

284 3571 342 3632 tur,
363 3556 416 3617 sen
435 3556 561 3636 qunque
575 3555 696 3636 suscipit
718 3556 820 3636 penes,
847 3555 879 3614 ιι
900 3564 955 3628 est,
976 3554 1127 3643 jmsum,
1139 3534 1328 3631 mannum,

283 3671 474 3742 anapoestum,
484 3660 642 3741 dactylum,
654 3672 684 3721 et
691 3661 865 3742 spondeum,
872 3660 930 3721 boc
939 3662 1122 3736 estjambum
1131 3670 1162 3720 et
1170 3661 1330 3748 spondeum

283 3779 313 3829 et
327 3765 487 3828 solutiones
497 3785 606 3839 eorum,
615 3765 728 3828 scilicet
738 3785 777 3826 ex
781 3766 875 3843 jembi
887 3764 1031 3826 solutione
1041 3765 1229 3827 tribrachum.
1250 3764 1330 3827 Nam

282 3874 306 3936 si
320 3885 493 3956 sequentem
505 3874 623 3952 longam
633 3872 776 3953 syllabam
787 3871 818 3931 in
829 3870 903 3931 duas
914 3872 1019 3932 breves
1031 3871 1136 3944 solvas,
1146 3870 1199 3932 fiet
1207 3872 1245 3933 de
1252 3876 1329 3949 jam·

282 3982 321 4041 bo
334 3979 509 4041 tribrachus.
544 3978 673 4059 Spondei
683 3987 781 4040 autem
792 3976 952 4039 solutiones
960 3977 1043 4052 duas,
1053 3977 1204 4061 dactylum
1217 3989 1249 4038 et
1258 3997 1327 4039 ana·

282 4096 416 4167 pastum.
437 4085 516 4146 Nam
529 4084 553 4145 si
566 4083 645 4165 prior
661 4082 914 4166 syllabaspondei
932 4083 1061 4145 solvatur
1077 4084 1109 4168 in
1122 4087 1195 4145 duas
1212 4085 1327 4161 breves,

282 4191 335 4252 liet
353 4202 533 4272 anapaestus:
555 4191 662 4253 sivero
681 4189 818 4266 secunda,
832 4189 890 4250 fiet
900 4189 1046 4271 dactylus.
1068 4189 1157 4250 Unde
1178 4190 1265 4250 datur
1281 4189 1325 4249 in·

282 4296 518 4376 telligi,jambica
530 4307 623 4360 metra
635 4298 673 4358 de
680 4299 783 4375 jambo
795 4306 827 4358 et
836 4296 969 4377 spondeo
984 4295 1058 4369 lieri,
1072 4305 1102 4356 et
1116 4295 1154 4356 de
1164 4315 1265 4358 eorum
1277 4316 1325 4357 so·

281 4400 451 4464 lutionibus.

321 4509 372 4569 De
386 4508 550 4571 choliambo
563 4510 621 4572 siet
637 4521 682 4573 ast
695 4519 745 4572 aut
760 4509 918 4591 proceritas
928 4509 1059 4589 ejusdem
1070 4528 1170 4570 versus
1180 4508 1229 4591 qui
1239 4509 1323 4568 unius

280 4615 364 4696 pedis
377 4613 539 4680 differentia
552 4637 658 4680 nomen
678 4615 792 4694 amittit,
805 4634 872 4677 nam
887 4615 967 4695 quod
977 4625 1063 4677 sexto
1076 4617 1154 4690 loco,
1179 4615 1230 4695 qui
1242 4614 1330 4678 locun
