3292 5575
432 834 496 894 DE
527 831 722 895 METRlS
752 831 1105 894 TERENTIANIS.
1213 829 1261 890 xix

270 1013 431 1094 rhythmus,
464 1015 673 1095 Hephastione
698 1025 784 1087 teste,
812 1013 849 1074 sit
873 1025 966 1074 metro
990 1013 1146 1092 potentior.
1187 1011 1260 1071 Tale

269 1110 341 1170 illud
351 1111 460 1183 Plauti,
476 1112 607 1171 Rudent.
622 1111 664 1184 ΙΙ,
680 1117 712 1184 6,
725 1116 776 1174 29.
939 1107 944 1112 ’

462 1243 572 1292 Piscibus
583 1244 607 1292 in
618 1245 665 1291 alto
675 1244 745 1290 eredo
756 1245 859 1304 prebent
870 1243 986 1304 pabulum.

270 1354 319 1413 ubi
329 1357 450 1432 ptrcilus
461 1354 597 1415 libentius
607 1354 750 1427 efferrem,
764 1377 851 1438 quam
861 1359 991 1436 puellus.

293 1568 447 1635 Licentia
464 1571 678 1650 Terentiana,
694 1593 762 1659 qua
776 1571 924 1636 deflectit
938 1591 959 1636 a
974 1571 1103 1636 lratims
1119 1569 1237 1654 epicis.

311 1703 372 1763 Sed
385 1716 418 1763 ut
430 1707 562 1778 redeam,
583 1707 662 1767 unde
681 1707 827 1786 digressus
841 1727 915 1766 sum.
957 1707 1000 1766 Ut
1015 1727 1032 1763 a
1046 1705 1160 1764 Graecis
1172 1704 1260 1764 eomi-

245 1861 249 1868 ,
268 1799 312 1858 cis
326 1800 511 1862 desciverunt
523 1803 621 1864 Latini
641 1823 696 1884 pro
710 1803 845 1864 brevibus
866 1802 983 1883 syllabis
998 1801 1096 1861 tardm
1110 1801 1259 1860 infulcien-

267 1897 323 1967 do;
341 1898 459 1959 itavitio
473 1921 590 1979 prorsus
604 1900 749 1962 contrario
767 1910 936 1980 peccarunt,
951 1897 1134 1978 corripiendo
1147 1895 1260 1956 scilicet

268 1995 409 2068 0j¹¹⁸¹⁰0di
423 1996 559 2076 syllabas,
580 2019 647 2078 quae
660 1999 691 2057 in
704 1997 812 2058 Latino
822 2015 956 2056 sermone
970 2005 1053 2055 erant
1065 1995 1172 2072 longua.
1192 1991 1260 2050 Hu-

265 2092 316 2166 jus
329 2103 428 2150 autern
438 2091 565 2151 licentia
579 2095 697 2153 modum
708 2115 742 2154 ac
756 2093 829 2154 fines
839 2114 897 2155 non
909 2091 1034 2173 cujusvis
1046 2103 1090 2152 est
1099 2088 1259 2170 reperisse;

270 2205 337 2245 cum
355 2207 392 2246 ex
413 2187 627 2266 interpretibus,
648 2188 679 2245 hi
693 2190 742 2266 qui
761 2191 910 2249 laxissime
929 2200 960 2249 et
981 2190 1056 2248 ultra
1075 2186 1214 2247 terminos
1228 2183 1261 2241 li·

269 2283 395 2344 centiam
408 2283 485 2342 hanc
504 2281 682 2360 expandunt,
705 2295 834 2344 monstra
856 2305 1060 2363 nonnunquam
1075 2295 1106 2341 et
1125 2289 1260 2360 portenta

268 2399 322 2458 pro
335 2378 411 2440 veris
432 2377 607 2438 lectionibus
631 2387 766 2448 tuantur;
786 2381 834 2439 alii
857 2391 969 2450 contra,
992 2379 1041 2459 qui
1065 2379 1149 2437 nimis
1173 2376 1260 2436 arctis

268 2495 334 2534 eam
354 2475 460 2534 linibus
481 2474 631 2548 claudunt,
646 2477 830 2556 syllabasque
849 2496 950 2536 omnes
964 2477 1002 2536 ad
1023 2477 1173 2556 epicorum
1188 2493 1259 2554 poe·

268 2581 362 2630 tarum
386 2592 517 2632 normam
538 2572 670 2651 exigunt,
690 2572 820 2652 singulos
834 2572 896 2632 fere
914 2593 1014 2632 versus
1031 2573 1143 2634 miseris
1157 2571 1260 2642 modis,

268 2670 416 2741 addendo,
435 2667 605 2740 mutilando,
626 2669 808 2740 invertendo,
824 2680 927 2728 contra
947 2669 1080 2728 codicum
1094 2668 1193 2738 fidem,
1213 2672 1260 2741 ju-

268 2765 371 2845 galaat
382 2777 411 2825 et
425 2765 581 2827 trucidant.
621 2765 699 2826 Illud
713 2765 743 2825 in
757 2763 923 2825 universum
942 2764 1155 2825 animadvertas
1163 2763 1260 2832 velim,

269 2862 364 2923 nullas
382 2884 433 2924 eos
452 2862 591 2943 syllabas,
605 2884 671 2942 quse
695 2875 797 2925 natura
816 2873 848 2923 et
861 2862 968 2922 vocalis
989 2882 1060 2923 sono
1074 2861 1169 2939 longa
1182 2868 1260 2929 sunt,

270 2962 460 3041 corripuisse3
480 2960 594 3020 sedeas
606 2970 730 3031 tantum,
743 2980 808 3041 quae
822 2980 876 3040 per
885 2961 1016 3019 vocalem
1028 2958 1144 3037 quidem
1159 2958 1262 3015 breves

269 3070 363 3131 erant,
375 3058 517 3139 positione
535 3070 634 3116 tamen
647 3068 677 3117 et
695 3058 914 3120 consonantium
936 3076 1079 3118 concursu
1093 3055 1181 3115 factm
1194 3063 1262 3113 sunt

259 3156 376 3235 longa.
417 3156 476 3215 Has
489 3174 560 3214 vero
572 3173 662 3214 voces
675 3165 705 3215 et
717 3174 838 3214 numero
849 3174 950 3233 paucae
964 3163 1039 3226 sunt,
1053 3151 1262 3231 monosyllaba

268 3254 332 3315 sere
352 3252 398 3312 vel
420 3251 641 3332 disyllaboe,⁴vel
662 3272 728 3311 cum
751 3249 1004 3331 praepositionibus
1026 3251 1211 3330 compositoe3
1231 3260 1264 3309 et

271 3371 309 3410 ex
328 3352 391 3431 ipsa
403 3349 474 3409 sede
488 3349 603 3427 situque
618 3347 772 3411 commodo
786 3350 900 3412 veniam
920 3360 1078 3411 merentur.
1120 3348 1197 3408 Cum
1211 3365 1263 3406 au·

270 3458 332 3507 tem
342 3447 372 3505 in
382 3447 445 3526 ipso
458 3456 565 3505 nostrae
576 3444 710 3504 editionis
719 3456 805 3507 textu
815 3446 931 3525 singula
941 3446 1007 3506 haec
1021 3446 1048 3503 in
1062 3445 1193 3504 versibus
1206 3444 1264 3503 sin-

271 3544 347 3623 gulis
366 3564 418 3622 per
442 3553 617 3602 accentuum
631 3542 814 3603 intervallum
836 3553 940 3623 sponte
961 3560 994 3601 se
1014 3542 1186 3610 ostendant;
1206 3558 1265 3599 non

271 3661 344 3723 opus
358 3651 413 3711 est,
433 3652 467 3699 ut
481 3639 646 3719 singillatim
659 3639 708 3698 hic
722 3651 942 3701 enumerentur.
981 3636 1182 3697 llludtantum
1203 3655 1264 3694 mo·

270 3740 359 3809 nebo,
380 3737 459 3817 quod
480 3746 549 3795 aute
567 3755 615 3794 me
638 3734 741 3815 opinor
764 3756 869 3805 nerno;
889 3736 918 3793 in
943 3733 1035 3813 primo
1055 3734 1118 3792 fere
1133 3750 1264 3791 versuum

270 3836 357 3915 pede,
382 3843 412 3894 et
432 3832 547 3913 parcius
566 3832 647 3903 alias,
668 3831 813 3892 licentiam
838 3832 914 3891 hanc
934 3830 1099 3890 exercuisse
1113 3841 1267 3889 nostrum:

269 3932 360 4012 idque
380 3930 540 3991 rectissimo
554 3928 686 4005 judicio;
706 3950 774 3989 cum
799 3940 890 3999 actor,
913 3928 942 3986 in
964 3928 1024 3986 fine
1044 3926 1146 4007 prioris
1163 3930 1263 3991 versus

271 4030 369 4090 anima
391 4038 521 4108 recepta,
541 4026 661 4108 plenum
682 4027 874 4108 rapidumque
898 4024 1028 4107 spiritum
1052 4033 1152 4104 posset
1171 4018 1263 4082 effun-

271 4126 360 4187 dere:

399 4259 446 4305 Sed
458 4258 481 4304 id
493 4258 584 4319 gratum
595 4256 699 4305 luisse-
799 4258 837 4303 Ob
845 4256 925 4305 ddcem
937 4270 1001 4303 mnas
1012 4252 1094 4315 lnquit.

401 4339 456 4386 Sino
465 4339 552 4386 luridis
562 4339 660 4386 laudem.
801 4339 858 4384 lude
870 4336 956 4384 sunnam
968 4336 1043 4383 uxori.
1070 4390 1077 4401 ‚

400 4419 457 4465 Sine
467 4419 529 4466 omni
540 4419 637 4480 periclo.
802 4421 873 4465 Soror
885 4418 946 4465 dicta
956 4424 1000 4472 est,
1016 4416 1093 4477 aupio.

401 4501 502 4561 Propter
514 4500 622 4560 hospitat.
799 4499 873 4547 Simul
883 4498 1004 4545 consilium
1015 4512 1066 4544 oum
1078 4514 1110 4544 re.

401 4582 450 4628 llic
457 4588 494 4628 est
504 4580 543 4629 ills
554 4596 598 4627 non
607 4587 638 4628 te.
798 4580 870 4627 Color
882 4578 959 4634 strue,
970 4594 1061 4639 eorpus.

400 4662 482 4708 Studet
492 4661 534 4722 pir
545 4662 638 4709 referre.
800 4661 882 4723 quus
891 4660 991 4720 Antipho
1002 4658 1055 4706 tiis.

403 4744 441 4789 Ob
452 4744 510 4790 hano
523 4742 662 4793 inimicitias.
803 4744 851 4791 Sed
866 4743 908 4791 hos
920 4742 975 4791 milri
990 4740 1110 4789 molestum
1123 4748 1168 4790 ost.
