3292 5575
334 669 441 730 cxxiv*
571 669 637 730 DE
670 666 871 729 METRIS
902 664 1133 728 comcls.

330 843 469 904 mirantur
479 863 578 904 omnes
594 856 739 904 venustas.
762 844 849 913 Quod
858 865 926 918 vero
939 844 1093 924 tragedias
1106 843 1225 905 Latium
1237 855 1364 925 spectet,

331 967 367 1008 ex
382 950 495 1010 Seneca
504 952 580 1010 mule
589 952 734 1026 judicatur
748 952 784 1010 de
797 951 853 1010 illis
865 951 915 1030 qui
926 950 1067 1011 Terentio
1082 959 1166 1009 erent
1177 950 1224 1010 rel
1236 951 1360 1030 antiqui·

330 1071 395 1112 ores
404 1053 450 1112 vel
461 1064 547 1113 oetote
561 1073 656 1132 pares,
671 1069 736 1114 cum
750 1055 829 1134 apud
846 1073 897 1114 eos
910 1054 998 1114 mium
1009 1054 1121 1113 numeri
1134 1053 1225 1113 multo
1237 1055 1295 1114 sint
1304 1055 1358 1114 im·

328 1158 457 1234 puriores
474 1177 561 1235 quam
581 1157 660 1237 apud
679 1156 805 1236 tragicos
823 1157 1007 1217 recentiores.
1047 1156 1177 1223 Quodsi
1197 1157 1252 1237 ipsi
1272 1158 1360 1218 etiam

330 1259 467 1320 Terentio
480 1262 565 1340 longe
579 1261 716 1322 castiores
728 1260 844 1333 fuerint,
858 1271 889 1320 et
907 1259 1023 1340 parcius
1045 1260 1136 1320 multo
1151 1240 1280 1320 licentiis
1295 1271 1360 1319 ute·
1475 1299 1478 1312 ·

328 1375 436 1434 rentur,
458 1364 488 1422 id
506 1365 624 1424 diversis
638 1365 781 1424 scribendi
801 1365 956 1445 generibus
972 1363 1171 1442 imputandum
1190 1373 1242 1423 est.
1283 1364 1359 1423 Cura

329 1469 481 1539 comodis,
492 1479 524 1526 ut
536 1469 664 1549 pluribus
675 1469 746 1540 dixi,
759 1460 908 1546 uulgarem
921 1479 953 1527 et
963 1466 1103 1545 loquendi
1115 1476 1145 1525 et
1156 1466 1359 1545 pronuntiandi

329 1574 564 1633 consuetudinem
577 1574 721 1644 imitetur;
739 1573 882 1652 tragoedia
892 1591 972 1642 vero,
988 1580 1021 1630 ut
1033 1571 1065 1630 in
1077 1571 1254 1649 argumentis
1270 1572 1358 1648 longe

262 1741 263 1746 ἵ
328 1677 483 1754 majoribus
492 1687 630 1750 versatur,
644 1678 685 1736 ita
695 1677 822 1736 dictione
835 1696 950 1754 quoque
960 1696 1021 1747 sua,
1033 1686 1064 1735 et
1075 1675 1231 1753 eloquendi
1244 1676 1357 1735 ratione

328 1781 444 1860 aplebe
457 1780 622 1859 longissime
640 1780 760 1841 recedit.
801 1779 959 1857 Tragoedia
971 1779 1047 1838 enim
1065 1790 1112 1838 est
1126 1773 1230 1858 poema
1248 1778 1356 1850 nobile,

328 1884 442 1956 elatum,
453 1885 555 1963 grandi
564 1885 795 1962 lentoque'passu
804 1881 921 1952 incedit,
932 1893 1009 1942 amat
1017 1882 1105 1953 lecta,
1114 1881 1245 1960 pulchro,
1254 1899 1358 1940 sonora
1444 1909 1446 1912 ⁴

327 1986 424 2056 verba,
438 1987 664 2064 necquicquam
684 2006 782 2045 eorum
800 2006 867 2064 quse
886 1985 1006 2064 profert,
1024 1995 1075 2044 aut
1091 1984 1265 2064 precipitari
1276 1985 1356 2056 velit,

327 2099 377 2152 aut
391 2091 514 2148 obscure
528 2089 629 2168 premi.
670 2088 749 2148 Hinc
767 2089 909 2167 trsgoedis
920 2089 950 2148 in
961 2090 1086 2148 numeris
1106 2088 1194 2148 etiam
1212 2098 1356 2148 tantuma

327 2193 469 2262 comoedia
481 2173 574 2264 distat,
590 2203 620 2250 et
633 2191 755 2251 licentiae
765 2191 795 2250 in
807 2193 884 2252 hanc
896 2193 1277 2273 frequentissimereceptoe,
1289 2211 1355 2272 qum

327 2299 357 2355 in
370 2299 462 2357 alters
473 2316 655 2377 nequequam
668 2307 766 2356 essent
779 2296 921 2363 ferendte.¹
1350 2327 1354 2334 ·

370 2402 419 2466 De
433 2403 607 2467 comicorum
620 2401 696 2460 enim
711 2400 834 2460 licentiis
847 2400 876 2459 in
889 2420 1007 2478 genere,
1020 2406 1087 2477 jure
1100 2401 1188 2473 deas,
1203 2401 1282 2480 quod
1294 2400 1353 2460 'l'ez

326 2509 473 2570 rentiauus
494 2505 710 2584 elegantissimis
728 2503 857 2564 versibus
877 2505 953 2564 dixit
972 2505 1009 2566 de
1029 2506 1165 2585 singulari
1183 2487 1242 2576 illa,
1256 2504 1355 2584 quein

321 2613 455 2695 jambicis
466 2608 625 2691 spondeum
638 2609 684 2669 vel
704 2609 852 2689 dactylum
865 2610 896 2669 in
908 2610 1037 2672 secundo
1050 2611 1098 2671 vel
1109 2621 1211 2691 quarto
1223 2611 1289 2670 loco
1301 2628 1355 2688 pm

326 2727 454 2780 suerunt.

522 2830 578 2889 sed
588 2832 633 2908 psi
642 2831 777 2906 pedestres
779 2830 894 2909 salutm
906 2816 983 2890 rocco
991 2841 1125 2909 prm,

525 2935 565 2991 Ut
578 2952 636 3011 quc
648 2935 791 3009 loquuntur
802 2943 908 3011 sumpto
920 2936 953 2992 ds
963 2936 1022 2993 vito
1031 2944 1119 3012 pitter,

526 3036 758 3111 Vitiontjombum
770 3035 902 3096 tractibus
914 3038 1073 3113 rpoodos'cis,

523 3142 563 3198 Et
575 3141 603 3197 in
615 3139 730 3197 secundo
743 3146 771 3196 et
783 3138 879 3196 ceteris
892 3159 965 3216 eque
977 3141 1053 3201 locis.

521 3244 661 3319 fidemque
662 3242 744 3316 fictir
756 3243 817 3299 dum
826 3244 1093 3323 procurortfalulir,

521 3348 558 3404 In
570 3354 656 3403 metra
665 3353 779 3420 peccant
792 3354 861 3416 orte,
874 3366 927 3404 noo
938 3346 1056 3420 inscitia,

521 3451 557 3509 N
555 3471 568 3507 e
581 3451 636 3507 rint
648 3469 744 3507 sonoro
756 3450 837 3507 uerbo
850 3452 1053 3513 mmetudimr.
1071 3458 1126 3513 dc.

322 3582 420 3645 Jsmbi
441 3580 556 3661 quidem
578 3578 664 3637 sedes
686 3578 784 3639 Greci
806 3599 923 3659 quoque
943 3580 1047 3641 comici
1064 3581 1201 3641 ritianmt
1221 3582 1353 3643 tractibus

220 3721 226 3731 x
298 3724 301 3731 ·
321 3675 489 3765 spondeis-im
517 3694 547 3743 et
569 3682 599 3741 id
621 3681 733 3761 insigne
753 3692 799 3742 est
821 3683 972 3744 discrimen
991 3686 1066 3745 inter
1089 3705 1139 3746 eos
1156 3696 1188 3746 et
1201 3686 1351 3766 tragoediae

323 3792 486 3871 scriptores.
507 3788 560 3849 sed
579 3788 636 3847 hoc
650 3787 751 3847 Graeci
764 3806 840 3849 raro.
879 3788 977 3848 Latini
990 3810 1069 3863 vero,
1089 3802 1124 3851 ut
1136 3791 1350 3851 Priscioni‘rer·

323 3896 367 3955 bis
379 3906 451 3968 utar,
473 3902 493 3931 ‘⁴
506 3894 536 3953 in
549 3892 645 3951 multis
655 3892 766 3951 initium
776 3891 894 3971 aliquod
906 3894 1081 3974 accipientes
1093 3914 1112 3955 a
1124 3895 1245 3968 Graecis,
1256 3895 1351 3954 solent

322 4001 360 4060 sb
376 4009 499 4078 angusto
513 4000 543 4057 in
563 3996 682 4057 effusum
700 3996 826 4057 licentio
842 3997 966 4076 spatium
984 3999 1043 4059 hoe
1057 3998 1203 4061 dilatare.”
1220 4000 1299 4079 quod
1315 4009 1351 4057 ut

322 4102 392 4175 dixi,
401 4102 507 4180 lingue
519 4100 672 4180 plurimum
686 4099 754 4159 vitio
767 4102 938 4161 vertendum
951 4114 1004 4165 est.
1043 4105 1147 4165 Latine
1161 4104 1268 4185 quippe
1280 4103 1350 4193 scri-

321 4208 424 4265 bentes
434 4206 513 4265 salvo
522 4204 585 4283 puri
594 4204 733 4264 sermonis
742 4204 836 4265 nitore
845 4205 925 4265 hsud
937 4207 1049 4267 efficere
1060 4220 1191 4289 potuere,
1200 4221 1234 4268 ut
1242 4208 1274 4267 in
1282 4208 1349 4267 vitm
1462 4216 1465 4221 '

321 4308 477 4369 communia
490 4310 576 4368 rebus
589 4308 791 4389 exprimendis,
803 4312 930 4372 numeris
939 4314 1143 4374 astrictiorlbus
1156 4323 1317 4374 uterentur.

252 4501 256 4511 ¹
360 4414 447 4481 Quod
460 4414 498 4473 sd
510 4432 559 4474 eas
572 4424 667 4475 autem
679 4414 808 4475 licentias
820 4434 891 4494 quas
904 4417 1034 4479 adhibuit
1048 4416 1212 4490 Terentius,
1232 4436 1271 4477 ne
1289 4416 1349 4475 lec·

320 4520 376 4580 tori
398 4518 491 4581 minus
510 4521 667 4583 exercitato
687 4520 734 4583 vel
755 4520 901 4583 minimam
924 4522 1156 4586 offensiunurlm
1176 4524 1348 4604 objicerent,
