3292 5575
404 705 468 768 DE
498 704 703 770 COMICIS
732 706 1146 775 uluuufflomuus.
1211 716 1306 777 xxix*

257 903 294 947 uc
310 884 415 949 vibret.
457 888 534 951 Cum
552 889 641 970 igitur
668 898 729 952 tam
747 890 961 981 inconstantem
978 892 1077 974 legem
1096 891 1255 967 videamus,
1272 904 1307 958 ut

256 990 314 1052 illis
336 992 433 1073 postis
460 1014 558 1075 neque
583 1014 663 1056 curse
683 996 780 1070 luerit,
806 996 849 1056 uti
869 997 1010 1070 facerent,
1023 1018 1121 1078 neque
1140 999 1221 1059 salso
1240 1000 1305 1079 puri

256 1100 397 1160 sermonis
421 1100 516 1161 nitore
540 1102 656 1162 efficere
674 1114 806 1181 potuere,
828 1104 871 1165 uti
892 1106 1020 1164 numeris
1040 1114 1138 1165 essent
1159 1104 1303 1165 astrictio·

255 1206 355 1267 rrhus:
378 1227 433 1267 nos
451 1205 495 1266 sic
516 1205 644 1277 invente,
667 1215 718 1265 aut
735 1206 982 1285 quemadmodum
998 1210 1135 1279 existunt,
1149 1209 1300 1292 permitta-

254 1329 330 1389 mus,
351 1314 441 1373 autsi
463 1311 534 1392 quid
547 1310 654 1371 sinistri
676 1330 741 1371 sese
759 1310 872 1384 offeret,
886 1332 926 1373 ne
944 1312 1047 1375 odiose
1059 1326 1300 1395 extorquesmnse

253 1418 414 1498 presertirn
437 1436 505 1478 cunr
525 1416 653 1477 licentia
665 1416 766 1477 vitium
781 1436 850 1477 cum
864 1416 986 1493 Graecis,
999 1418 1081 1480 unde
1098 1420 1299 1501 sumpsissent,

252 1524 308 1584 sibi
318 1544 485 1596 commune,
498 1522 627 1596 licentis,
641 1522 683 1583 nti
694 1522 782 1596 solet,
802 1542 921 1585 suxere.
961 1522 1041 1585 Illud
1053 1544 1134 1597 voro,
1153 1528 1234 1607 quod
1247 1526 1299 1588 ali·

251 1628 300 1709 qni
315 1629 485 1702 dubitando,
498 1628 617 1709 quidum
631 1627 720 1689 etism
733 1626 929 1689 asseverando
940 1629 1100 1709 negabant,
1110 1631 1225 1693 fabulas
1239 1632 1299 1694 Te·

250 1735 397 1795 sentimus
418 1734 556 1795 trimetris
579 1732 814 1815 circunscripta,
828 1732 935 1794 fulsum
954 1752 1021 1795 esse
1039 1735 1296 1816 deprehendimus.

253 1840 331 1901 Nam
344 1853 376 1902 et
394 1842 471 1923 apud
491 1861 560 1903 eum
573 1852 690 1923 poetm
704 1840 769 1921 plus
792 1858 860 1901 esse
882 1838 969 1918 hujus
996 1840 1130 1903 carminis
1149 1842 1297 1903 invenisse

250 1956 282 2008 et
294 1958 405 2021 contre,
426 1947 505 2030 spud
519 1949 656 2009 Plautum
679 1946 846 2027 quadratos,
867 1942 982 2024 ulloque
1001 1946 1164 2026 lougioeum
1177 1966 1298 2027 genere·

252 2052 366 2114 Andria
391 2073 468 2135 pene
489 2072 527 2115 ex
557 2072 642 2133 equo
664 2052 755 2113 divise
775 2052 805 2111 in
829 2062 975 2129 utrunque
995 2072 1090 2131 genus
1109 2062 1164 2113 est
1204 2052 1298 2113 Haud

249 2156 326 2217 euim
347 2157 390 2219 its
411 2156 502 2220 multo
525 2158 563 2221 sb
584 2156 678 2239 longis
697 2157 875 2221 sensdorum
894 2176 1034 2219 nummus
1055 2168 1218 2238 superetur.
1258 2158 1297 2217 ln

250 2260 403 2336 Eunucho,
425 2274 456 2325 et
469 2264 815 2337 Heautontimorumeno,
827 2264 909 2327 item.
950 2264 996 2324 At
1015 2264 1046 2323 in
1060 2262 1202 2344 Adelphis
1219 2282 1296 2344 pene

249 2386 287 2427 ex
297 2370 459 2448 quadrante
478 2368 560 2448 longi
573 2370 611 2428 ab
626 2368 745 2431 senariis
762 2368 955 2430 exceduntur.
982 2367 1188 2429 Phormionem
1200 2367 1297 2448 potior

248 2470 427 2531 seueriorum
451 2492 589 2533 numerus
608 2472 734 2534 conficit.
776 2473 902 2555 Hecyra
912 2472 1128 2547 lasiorfsbuls,
1141 2492 1176 2533 sc
1189 2472 1296 2553 pedes·

247 2575 318 2635 trior
326 2586 387 2636 est:
407 2577 506 2656 itsqus
519 2578 645 2637 omniurn
661 2575 912 2649 Terentianerum,
926 2576 966 2639 nd
985 2596 1150 2637 sermonem
1168 2576 1295 2657 quotidi-

247 2697 335 2739 anum
348 2700 436 2760 quem
458 2681 592 2761 proxime
608 2682 732 2743 sccsdit
754 2691 912 2742 esttamen
934 2681 966 2740 in
983 2700 1019 2741 ea
1031 2680 1210 2741 senariorum
1227 2680 1294 2761 plus

248 2783 440 2866 tertiepsrte.
480 2789 646 2848 Atcontrs.
688 2786 825 2848 Plautino
835 2786 1025 2868 Amphitruo,
1040 2797 1073 2848 et
1093 2784 1228 2858 Rudens,
1241 2787 1293 2845 vix

247 2899 326 2950 totus
338 2891 486 2969 quadrsns
497 2891 632 2972 expletis
641 2893 771 2954 senariis.
812 2893 954 2964 mmsis,
965 2891 1117 2972 Epidicus,
1128 2907 1216 2969 quern
1228 2901 1294 2951 tsn-

247 3001 347 3073 topere
358 2995 422 3074 ipse
439 3006 539 3056 sutem
556 2995 667 3068 lsudst,
686 2996 879 3068 Mostellaria,
893 2993 1086 3068 Menaechmi,
1097 2994 1198 3067 Miles,
1208 2994 1292 3056 Mer.

246 3109 336 3171 cstor,
348 3100 525 3170 Pseudolus,
546 3099 703 3174 Aulnlerie,
724 3099 842 3174 Besine,
864 3101 1023 3182 Gurgnlio,
1044 3099 1219 3173 Bacchides,
1241 3109 1293 3160 sut

245 3222 283 3262 ex
295 3203 427 3284 utrisque
441 3225 526 3284 mque
548 3207 694 3278 constant,
704 3216 756 3268 sut
768 3207 856 3266 etiam
869 3207 965 3267 minus
974 3205 1085 3266 hshent
1104 3206 1292 3266 seueriorem.

246 3308 360 3389 Csptiri
381 3329 461 3381 vero,
484 3321 516 3371 et
535 3309 635 3384 Percu,¹
655 3323 687 3372 ct
709 3311 849 3372 Prenulns
874 3312 941 3393 plus
965 3311 1086 3372 dimidio
1107 3321 1202 3372 textee
1224 3321 1292 3372 sunt

245 3411 349 3492 longis.
389 3413 575 3474 Trinummus
589 3415 740 3494 legebatur
750 3415 893 3476 hactenus
905 3427 970 3476 totu
988 3415 1145 3496 quodsum,
1160 3426 1211 3476 aut
1230 3435 1290 3475 non

246 3517 338 3578 multo
352 3519 542 3582 brevioribus.
584 3521 658 3582 Eum
668 3541 722 3582 uos
734 3521 776 3584 its
790 3522 967 3583 restituimus
977 3521 1105 3602 pristina
1121 3521 1291 3596 sinceritati,

245 3633 279 3682 ut
295 3623 335 3684 sd
356 3625 531 3705 quingentos
554 3627 683 3712 senodes
701 3627 930 3689 excusserimus.
970 3629 1101 3695 Quorum
1115 3635 1216 3686 tamen
1234 3645 1290 3684 nu·

244 3747 325 3789 mero
342 3743 484 3810 prestent
505 3733 585 3811 longi
598 3751 699 3794 versus
709 3733 808 3813 duplo.
849 3735 947 3801 Quam
972 3751 1092 3813 opernm
1109 3731 1199 3791 etism
1220 3749 1290 3790 crim

243 3833 426 3896 Truculento
447 3837 706 3917 impendissemusr
733 3841 822 3921 poulo
842 3839 937 3900 minus
957 3837 1092 3898 ducentis
1114 3834 1289 3907 reformetis,

242 3948 355 3999 mntem
374 3941 538 4020 longiorum
559 3942 721 4004 invenimus
744 3944 969 4018 multitudinem,
991 3942 1042 4004 vix
1062 3953 1097 4002 ut
1122 3941 1237 4000 illorum
1257 3939 1291 3998 hi

242 4054 341 4104 cuent
358 4063 426 4124 pars
437 4047 556 4125 quinte.
597 4048 695 4130 Atque
714 4049 835 4110 islebor
847 4069 907 4110 non
924 4060 1036 4132 umere
1048 4055 1203 4126 susceptus
1220 4053 1289 4104 est:

242 4165 310 4208 cum
331 4158 392 4208 tum
409 4149 497 4211 focile
514 4151 707 4213 mendacium.
757 4153 926 4225 Quintiliani
948 4153 1105 4214 autoritate
1128 4159 1287 4230 tegeretur.

243 4251 321 4312 Nam
339 4253 387 4312 isti
405 4257 503 4335 magni
522 4258 585 4332 riri,
604 4258 672 4318 dum
684 4257 755 4318 nihil
768 4259 955 4320 inexcussum
972 4259 1085 4332 volunt,
1095 4255 1289 4318 etsesfidiunt

243 4355 361 4430 leviore,
385 4358 451 4438 plus
470 4362 605 4441 profecto
628 4363 750 4424 nominis
770 4376 919 4445 usmpsnt,
940 4383 1027 4446 quum
1047 4373 1159 4444 ponant
1176 4379 1288 4442 operas.

242 4460 497 4526 Quemadmodum
519 4466 683 4528 Priscianus
707 4489 834 4549 quoque,
858 4469 906 4530 cui
926 4468 965 4528 de
978 4482 1128 4550 mspaesto
1141 4468 1288 4530 sententis

241 4564 355 4630 excidit
368 4567 439 4632 stitis
452 4571 586 4651 absurde,
597 4592 664 4637 cum
681 4573 769 4636 dixit:
791 4574 848 4634 erit
861 4584 959 4636 autem
976 4573 1133 4656 probabilis
1139 4572 1287 4653 lumbicus

282 4688 355 4735 vot.
368 4691 406 4734 11.
766 4683 817 4740 n*
