3292 5575
595 1179 1063 1286 ARGUMENTUM.

773 1507 869 1555 Ὑ-

367 1769 586 1832 VITIATAM
604 1771 634 1830 in
654 1771 781 1833 tenebris
802 1780 870 1830 ante
890 1770 1016 1849 nuptias,
1038 1769 1087 1829 oui
1107 1769 1243 1828 annulum
1266 1789 1317 1830 ax·

327 1876 460 1945 torserat,
480 1868 664 1928 meretricem
685 1887 785 1932 amans
808 1867 879 1934 dum
898 1868 1014 1946 ignorat
1035 1865 1214 1946 Pamphilus,
1235 1866 1317 1924 duxit

327 1983 446 2024 uxorem
470 1965 620 2044 gravidam
639 1983 677 2024 ex
699 1983 866 2044 compressu
883 1984 949 2024 suo.
989 1965 1084 2030 Quam
1106 1982 1230 2043 peregre
1250 1982 1317 2042 pro·

326 2058 434 2132 lectus,
455 2079 544 2142 quum
565 2060 728 2141 reliquisset
753 2061 843 2133 domi,
870 2060 985 2121 rediens
1008 2060 1170 2140 parientem
1196 2059 1317 2120 offendit

326 2154 425 2216 furtim
438 2168 470 2218 et
482 2159 561 2239 apud
581 2169 706 2220 matrem
726 2178 815 2222 mam.
863 2159 977 2224 Quare
996 2166 1168 2227 commotus,
1188 2156 1257 2214 dum
1270 2175 1316 2214 re·

324 2251 455 2330 pudium,
476 2254 571 2316 invitis
590 2255 765 2335 parentibus*
779 2265 811 2314 et
832 2272 949 2313 causam
971 2252 1085 2332 repudii
1108 2252 1315 2322 nescientibus,

323 2359 415 2426 parat,
428 2369 483 2429 per
492 2351 688 2424 meretricem,
703 2351 783 2432 apud
795 2369 883 2430 quam
893 2349 1015 2408 enardus
1026 2349 1159 2410 inventus
1170 2359 1227 2420 eet,
1242 2367 1314 2427 cog-

322 2445 419 2504 noscit
440 2447 559 2508 tandem
582 2447 624 2508 ita
644 2467 662 2508 a
683 2467 716 2508 se
740 2446 870 2507 vitiatam
889 2465 1022 2517 uxorem,
1047 2456 1079 2506 et
1099 2465 1136 2506 ex
1158 2465 1191 2506 se
1214 2454 1315 2504 natum

322 2539 424 2600 lilium.
465 2543 575 2602 Primus
594 2552 677 2603 actus
697 2542 871 2622 colloquium
889 2541 1019 2602 continet
1039 2540 1202 2600 meretricis
1216 2539 1314 2600 Philo·

322 2635 389 2694 tidis
399 2655 435 2697 ac
448 2636 524 2698 lenae
539 2639 623 2719 Syra:
636 2639 711 2698 inter
726 2657 759 2700 se
771 2638 904 2720 primum,
914 2636 1020 2697 deinde
1033 2655 1100 2697 cum
1115 2638 1312 2697 Parmenone:

320 2739 353 2789 ut
363 2733 526 2812 peritarum
535 2753 685 2815 personae,
698 2755 764 2817 quoe
774 2735 938 2816 sperarunt
951 2732 1095 2805 dicuntur,
1108 2743 1311 2812 argumentum

320 2842 469 2911 spectetur
483 2833 628 2893 addiscat.
663 2831 781 2893 Secundi
798 2842 879 2893 actus
893 2842 978 2891 tenor
990 2831 1021 2889 in
1035 2830 1092 2891 hoc
1106 2842 1164 2899 est:
1184 2830 1311 2889 immeri-

320 2936 379 2987 tam
393 2947 526 3003 uxorem,
540 2929 628 2989 veluti
641 2928 747 2989 molam
760 2948 886 3001 socrum,
905 2938 1023 2987 accusat
1036 2927 1170 2987 Laches:
1195 2935 1226 2985 et
1240 2944 1310 2985 con·

319 3022 399 3082 venit
413 3023 589 3105 Phidippum
603 3025 642 3086 de
655 3025 760 3086 eadem
774 3045 871 3086 causa.
917 3025 1021 3104 Statim
1034 3033 1102 3104 post
1114 3040 1237 3103 quorum
1251 3022 1311 3081 col-

319 3118 449 3198 loquium
466 3122 635 3201 conquestio
653 3122 799 3183 inducitur
813 3122 961 3194 Sostratoe,
980 3120 1181 3200 quodfalsum
1200 3118 1312 3178 crimen

318 3212 549 3296 invidiosumque
576 3218 725 3279 sustineat.
777 3219 870 3278 Tertio
896 3228 977 3279 acore
1000 3216 1064 3276 haec
1090 3215 1308 3277 adscribuntur:

320 3311 498 3393 Conquestio
515 3314 657 3394 Pamphili
666 3332 795 3395 peregre
816 3314 974 3387 redeuntis,
990 3315 1028 3374 de
1049 3332 1147 3374 amore
1160 3332 1214 3372 suo
1230 3311 1311 3371 circa

318 3429 449 3471 uxorem:
472 3411 625 3472 Partitudo
640 3412 837 3472 Philumenae:
865 3412 1002 3472 Sostrata
1016 3412 1107 3471 verba
1120 3429 1208 3489 super
1220 3408 1307 3487 aegri·

318 3505 448 3566 tudinem
467 3526 565 3579 nurus,
586 3526 674 3589 quam
692 3509 794 3568 morbo
814 3508 908 3569 credit
927 3507 1080 3568 afflictam:
1110 3506 1209 3565 Fletus
1223 3504 1310 3563 Pam-

316 3600 388 3682 phili
398 3603 531 3675 errantis,
545 3624 634 3684 quum
647 3614 731 3684 putat
743 3624 802 3665 noa
816 3624 858 3666 ex
868 3624 900 3664 se
913 3603 1004 3662 filium
1017 3612 1117 3661 natum
1130 3619 1205 3661 esse.
1241 3600 1310 3659 Col·

316 3698 447 3779 loquium
462 3700 649 3761 Parmenonis
664 3720 731 3761 cum
748 3700 845 3782 pueris
861 3720 880 3760 a
899 3700 964 3760 navi
985 3697 1175 3768 venientibus,
1193 3706 1228 3756 ut
1240 3703 1308 3755 mor

316 3796 449 3875 loquetur
472 3816 538 3857 cum
561 3796 625 3877 ipso
639 3797 758 3876 (rectius
779 3796 841 3857 Me.
861 3806 888 3855 et
905 3818 965 3857 moe
985 3816 1043 3854 cun
1063 3796 1121 3871 ipso
1139 3792 1189 3869 L.)
1222 3792 1308 3855 Pam.

315 3892 413 3972 pht10;
431 3913 450 3953 a
462 3912 521 3972 quo
534 3893 563 3953 in
577 3913 677 3953 arcem
688 3892 821 3953 mittitur.
855 3892 930 3952 ltem
941 3889 1090 3961 Lachetis,
1105 3888 1307 3967 Pitidippique,

316 3998 347 4048 et
361 3989 504 4070 Pamphili
523 3991 613 4050 verba
631 3989 669 4050 de
691 3987 910 4050 reconcilianda
930 3986 971 4045 illi
990 3990 1134 4064 conjuge:
1159 3994 1191 4043 et
1211 4002 1311 4041 eorum

314 4084 476 4146 abinvicem
486 4084 612 4165 litigiosa
622 4084 770 4146 dissensio.
806 4084 942 4155 Quartam
955 4094 1051 4143 aetum
1062 4083 1127 4141 haec
1139 4080 1309 4158 complent:

316 4181 499 4242 Perturbatio
511 4182 674 4263 Myrrhina:
684 4203 723 4243 ex
738 4183 903 4243 interventu
915 4180 1009 4241 mariti
1021 4201 1029 4242 :
1051 4189 1081 4237 et
1093 4176 1225 4254 ejusdem
1239 4195 1307 4236 cum

314 4296 350 4337 eo
363 4278 448 4339 nimis
464 4278 569 4339 callida
587 4299 622 4340 ac
641 4280 789 4339 muliebris
808 4278 922 4337 astutiae
941 4275 1130 4356 disceptatio:
1161 4274 1310 4347 Sostratae,

314 4374 469 4457 Pamphili,
484 4376 681 4459 Lachetisque
695 4374 894 4457 colloquium:
921 4373 1089 4435 inclamatio
1109 4372 1199 4453 patris
1212 4382 1244 4433 et
1261 4390 1307 4431 so·

314 4472 373 4531 ceri
397 4472 551 4537 adversum
576 4472 760 4552 Pamphilum
784 4491 904 4533 uxorem
928 4481 1126 4531 recusantem:
1155 4467 1308 4529 conventio

313 4567 471 4629 meretricis
484 4569 677 4648 promittentis
696 4588 727 4629 se
743 4570 949 4648 jusjurandum
963 4567 1099 4628 matronis
1119 4566 1310 4626 exhibiturum

311 4661 349 4724 de
365 4683 427 4725 non
439 4664 563 4729 admisso
584 4666 623 4726 ad
643 4686 675 4729 se
695 4665 859 4745 Pamphilo.
901 4666 937 4726 In
951 4667 1044 4745 quinto
1064 4674 1133 4729 actu
1154 4660 1310 4724 Bacchidis
