3292 5575
490 653 554 713 DE
584 652 787 713 comscls
818 649 1066 721 VERSIBUS.
1205 649 1293 707 lxvii*

263 833 389 893 Ponstur
402 830 490 911 igitur
502 828 570 890 hoc.
599 830 745 889 Numeros
758 848 823 891 esse
837 842 922 911 aptos
935 830 1075 911 quosdam
1083 838 1115 889 et
1126 828 1299 891 determina·

262 948 317 1009 tos,
330 948 362 997 et
375 946 588 1023 consentaneos
597 953 686 994 sonos
702 934 782 995 vocis
792 936 936 997 homme.
977 934 1020 993 lli
1033 952 1099 1010 cum
1112 932 1144 992 in
1156 951 1230 993 voce
1246 950 1297 991 aa·

261 1052 325 1102 turs
337 1043 433 1111 insint,
456 1041 487 1100 in
503 1041 634 1101 oratione
655 1059 772 1119 quoquc
785 1041 880 1105 inesse
894 1050 1020 1119 oportet.
1061 1036 1123 1097 Sed
1137 1056 1205 1097 cum
1216 1036 1299 1096 abest

263 1166 334 1207 cura
347 1144 570 1226 compositionis,
590 1156 621 1205 et
635 1164 681 1203 ars
694 1144 828 1225 quedam
838 1143 928 1205 veluti
939 1155 1105 1215 structure,
1119 1143 1205 1202 facile
1215 1142 1256 1201 illi
1270 1154 1302 1203 et

257 1250 435 1331 dissipantur
449 1258 479 1308 at
489 1246 673 1311 delitescunt.
714 1250 815 1331 Atque
827 1251 885 1311 hoc
894 1262 940 1311 est
953 1250 1034 1331 quod
1044 1247 1216 1308 Aristoteles
1231 1266 1302 1327 poe·

263 1368 350 1427 mats,
373 1366 475 1453 suapte
500 1366 604 1435 sponte
614 1327 773 1428 ’extitisse
799 1367 832 1417 et
857 1356 976 1417 fortuito
1002 1354 1213 1434 prodiissent,
1237 1352 1301 1433 ipse

264 1460 525 1541 αὖτοσχεδιὰσμιιτα
539 1470 634 1519 vocat.
676 1458 753 1519 Haec
768 1460 945 1519 concinnitas
963 1460 1099 1541 quaedam
1118 1459 1149 1516 in
1168 1457 1302 1517 omnibus

262 1565 370 1643 linguis
380 1564 535 1644 reperitur,
552 1562 591 1623 ad
602 1583 687 1643 quom
705 1564 816 1624 aurium
834 1562 1034 1624 observatione
1047 1562 1185 1632 adhibita,
1203 1580 1305 1621 versus

266 1666 375 1740 extitit,
389 1668 551 1727 eleboratus
563 1668 658 1727 studio
677 1679 707 1727 et
725 1680 788 1728 arte
806 1668 1021 1756 ingeniosorum
1041 1678 1073 1729 et
1086 1666 1239 1727 doctorum
1252 1664 1305 1725 ho·

265 1773 385 1845 minum,
397 1782 426 1832 et
436 1792 574 1853 processu
599 1784 763 1853 temporum
786 1772 827 1831 ita
840 1792 893 1831 suo
913 1773 1035 1853 quisque
1055 1772 1086 1831 in
1106 1790 1214 1852 genere
1238 1790 1305 1850 per·

150 1888 153 1901 ¹
264 1876 372 1969 sectus,
383 1876 495 1938 utm'hil
504 1877 567 1938 fieri
579 1878 741 1957 elegantius
754 1897 850 1957 neque
861 1878 995 1958 pulcrius,
1004 1888 1057 1937 aut
1066 1878 1158 1956 magis
1168 1895 1305 1937 sonorum

264 1992 376 2061 posset.
417 1980 577 2061 Potestque
589 1982 627 2041 de
645 1983 751 2079 nostris
770 1981 934 2043 vernaculis
948 1981 1100 2042 cantilenis
1110 1982 1196 2041 etiam
1209 1980 1306 2059 aliquo

264 2086 354 2147 modo
365 2087 422 2147 hoa
436 2087 583 2165 cognosci,
600 2098 633 2147 ut
653 2090 781 2167 quamvis
794 2088 871 2149 forte
891 2088 950 2148 hoo
962 2076 1089 2167 inerimm
1100 2086 1240 2158 videatur,
1254 2084 1307 2146 sed

264 2192 294 2251 iu
309 2192 419 2251 docere
439 2188 564 2252 fideliter
586 2192 723 2272 cupiente
745 2192 814 2251 nihil
832 2194 974 2275 ineptam,
994 2195 1019 2254 si
1038 2192 1221 2255 conferemus
1241 2192 1307 2251 hoeo

151 2314 155 2321 '
193 2291 197 2299 ’
265 2296 507 2357 nonmdsadilta
517 2296 645 2367 erudita;
665 2316 761 2357 nonne
775 2298 804 2357 in
817 2300 863 2358 his
874 2298 1005 2359 similiter
1018 2297 1225 2369 desinentibus,
1240 2316 1306 2376 quae

235 2486 240 2493 ι
267 2412 395 2462 nostrum
406 2402 510 2481 vulgus
524 2402 673 2481 rhythmos
684 2402 821 2491 appellat,
832 2404 939 2485 aliquid
947 2404 1079 2481 jambicis
1089 2403 1206 2464 senariis
1215 2402 1307 2462 simile

270 2508 462 2586 agnoscitur?
484 2507 556 2572 etin
575 2508 667 2567 modis
682 2508 865 2579 chorearum,
884 2509 967 2590 quasi
987 2509 1197 2589 anapaesticum
1218 2518 1308 2566 estet

268 2614 427 2692 peonicum
458 2613 560 2673 melos.
603 2611 712 2672 Sedet
734 2612 764 2671 in
786 2612 1031 2673 solutaoratione
1057 2612 1207 2689 diligentia
1232 2630 1309 2670 nuno

269 2716 435 2787 multorum,
447 2727 583 2775 accurate
594 2716 684 2776 verba
697 2734 885 2798 componens,
900 2718 1040 2798 ῥὺθμονςε
1054 2715 1103 2796 qui
1113 2727 1181 2775 suot
1191 2714 1310 2790 numeri,

268 2819 365 2880 efficit.
407 2821 496 2882 Certo
509 2831 606 2880 autem
617 2831 648 2880 et
657 2821 744 2900 plane
755 2821 910 2881 ostendere
925 2822 1030 2894 omnia,
1049 2821 1080 2880 id
1094 2841 1158 2882 esse
1168 2821 1310 2898 ejusmodi

268 2934 340 3003 puto
353 2934 386 2982 ut
397 2923 459 2983 fieri
473 2936 608 3004 nequeat,
622 2925 867 3003 quemadmodum
880 2939 912 2986 et
928 2927 959 2986 in
976 2926 1040 2986 aliis
1053 2947 1118 3006 quse
1133 2947 1185 2987 usu
1195 2925 1310 3006 perdita

268 3027 395 3100 luerunt,
409 3029 575 3090 instauratio
586 3041 616 3089 et
626 3030 767 3090 restitutio
782 3031 915 3092 absoluta
928 3031 1109 3111 desperanda
1121 3042 1175 3091 cst.
1216 3031 1310 3092 Citius

271 3119 430 3194 enitamini
449 3133 551 3213 aliquis
574 3135 645 3196 illud
664 3135 847 3197 Hesiodeum
860 3137 1017 3216 plaustrum
1031 3137 1174 3215 lignorum
1190 3146 1309 3196 centum

273 3241 475 3312 construxerit,
485 3259 571 3320 quam
581 3261 699 3302 scenam
708 3243 902 3321 hoctempore
912 3241 1234 3321 explicueritomnibus
1244 3259 1311 3320 par·

222 3369 224 3377 ·
274 3345 393 3406 tiruset
406 3347 533 3406 numeris
544 3347 613 3420 suis,
626 3359 657 3407 ut
669 3348 782 3419 dicitur,
792 3347 963 3408 absolutam.
1002 3347 1068 3407 lloc
1076 3355 1174 3406 tamen
1192 3346 1314 3406 dubiunr

273 3469 331 3510 non
344 3462 399 3523 est,
414 3451 444 3510 in
457 3451 564 3532 lingue
574 3455 714 3533 cujusque
725 3471 779 3513 usu
790 3453 1054 3525 communi,harum
1062 3471 1158 3512 rerum
1171 3452 1312 3512 rationem

170 3588 176 3601 ·
274 3556 442 3627 consistere,
456 3576 514 3634 quo
528 3557 703 3618 labefactata
711 3567 762 3617 aut
770 3557 885 3630 amisso,
899 3558 950 3617 illa
964 3577 1080 3637 quoque
1094 3556 1211 3617 vacillet
1223 3570 1312 3636 atque

275 3661 481 3732 confundatur,
495 3663 542 3723 vel
556 3665 652 3743 potius
671 3683 729 3724 non
750 3663 843 3742 magis
858 3674 1008 3743 appareat,
1030 3683 1151 3724 necesse
1164 3672 1218 3722 est.
1257 3663 1313 3722 Est

279 3777 375 3850 sutem
387 3767 418 3826 in
439 3769 516 3828 omni
530 3789 638 3848 genere
655 3769 810 3830 carminum
823 3769 948 3830 varietas
961 3788 1144 3828 numerorum
1159 3767 1313 3846 depositio·

276 3870 330 3943 nis,
353 3881 386 3930 ut
396 3883 520 3933 vocant:
542 3892 579 3933 ea
592 3883 636 3933 est
656 3893 756 3948 uersus
770 3873 928 3945 conclusio,
945 3873 1011 3933 telis
1024 3872 1165 3954 quedam.
1205 3871 1314 3934 Versus

277 3975 379 4036 dicitur
393 3977 596 4051 ἀκατάληκτος,
612 3977 661 4058 qui
679 3989 724 4038 est
742 3977 845 4057 plenus
859 3989 889 4037 et
903 3980 1023 4058 integer,
1038 3987 1068 4036 et
1083 3977 1174 4057 pedes
1186 3995 1252 4035 suos
1265 3973 1314 4034 ha·

277 4079 329 4140 bet
339 4090 434 4140 totos:
454 4093 498 4154 ut,

418 4211 574 4272 Poetneum
585 4213 700 4289 primissa
714 4215 830 4272 ssimum
843 4172 1050 4284 adscribendam
1063 4212 1175 4288 appulit.

280 4335 388 4400 Versus
399 4349 445 4400 est
453 4339 597 4418 jambicus
612 4341 750 4414 trimeter,
761 4342 810 4422 qui
827 4355 857 4403 et
869 4342 1005 4422 ,senarius
1020 4343 1223 4415 drordlqrroc.
1265 4341 1315 4437 {ie

279 4445 539 4516 esldsordlasroc.
581 4445 773 4508 Theocriteus
784 4445 1110 4526 hicprimusinfisnua,
1238 4440 1249 4513 ,’
1303 4450 1308 4467 ’

443 4559 567 4632 Οὐδενὸς
578 4563 732 4644 iordrcspo,
742 4571 979 4645 μακροπολέμοω
993 4565 1024 4626 di
1035 4566 1136 4644 perito.
