3292 5575
447 657 450 663 ’
524 686 586 746 nn
618 684 823 748 coniers
861 686 1110 749 vansmns.
1247 686 1328 748 un·

293 862 348 923 tius
365 875 459 944 putat,
473 886 558 944 quarn
572 868 743 929 necessitate
756 868 881 947 quadam
891 868 1209 939 custodiisse,·neaures
1223 866 1329 926 civium

290 967 494 1047 peregrinitate
509 968 730 1031 offenderentur.
752 971 799 1033 Ita
808 972 917 1031 lactum
926 984 1008 1053 puto,
1022 983 1056 1032 ut
1066 991 1161 1051 neque
1180 972 1257 1033 intra
1272 973 1335 1031 tri..

289 1084 393 1137 metros
403 1074 593 1147 constiterint,
602 1096 698 1155 neque
715 1076 1118 1156 Groecorumeanisitionem
1126 1086 1157 1134 et
1167 1076 1248 1158 quasi
1261 1096 1328 1135 nor-

290 1164 373 1250 mani,
402 1180 441 1239 ad
462 1200 547 1259 quam
566 1202 701 1241 numeros
719 1166 759 1241 iili
774 1191 939 1261 exegerant,
954 1180 983 1239 bi
1001 1180 1151 1242 servarint.
1172 1180 1232 1241 Sed
1248 1200 1327 1241 nunc

290 1281 423 1363 deinceps
432 1286 470 1345 de
482 1286 594 1345 ratione
604 1287 716 1357 borum,
736 1299 767 1345 et
791 1286 950 1347 carminum
969 1286 1147 1347 comicorum
1170 1295 1333 1358 structura,-

289 1408 352 1467 quoe
366 1400 464 1449 nostra
481 1388 629 1468 diligentie
643 1391 813 1462 observavit,
828 1411 953 1471 quaeque
970 1391 1116 1471 postiniane
1130 1391 1242 1464 ridetur
1254 1391 1327 1451 lecti

288 1493 447 1553 fabularum
459 1495 638 1582 Latinarum,
650 1496 773 1555 breviter
786 1496 902 1575 quidem
916 1498 1107 1557 disseremus:
1123 1497 1164 1557 ita
1171 1507 1279 1579 tamcn,
1293 1505 1327 1554 ut

287 1597 407 1659 fortasse
425 1600 554 1659 nondum
572 1603 609 1660 ab
622 1601 684 1660 aliis
697 1601 902 1674 demonstrata,
914 1603 1085 1662 indicemus.
1113 1597 1213 1663 Metro
1222 1598 1326 1684 praeci-

287 1722 345 1791 pua
357 1714 423 1761 sunt
447 1723 563 1779 novem,
578 1704 748 1781 jarnbicum‚
767 1706 955 1778 trocheicum,
969 1705 1156 1785 dactylicum,
1169 1705 1324 1787 nomenati·

288 1826 365 1883 cunr,
383 1810 618 1887 choriambicum,
632 1811 859 1890 antispasticuar,
869 1810 994 1870 ionicum
1011 1830 1030 1869 a
1039 1812 1159 1889 maJ'ore,
1171 1810 1325 1871 ioniarma

289 1913 407 1983 minore,
421 1915 594 1993 paeonicum.
615 1916 773 1995 Equorum
785 1936 905 1975 numero
915 1936 992 1975 nunc
1003 1916 1161 1977 animemus
1166 1916 1327 1992 jambicum

286 2032 316 2077 et
323 2019 510 2090 trochaicum,
523 2021 619 2100 deque
628 2022 661 2080 iis
669 2020 1070 2100 quaevidehuntur,dicemus.
1090 2018 1254 2080 iambicum
1263 2036 1330 2079 me-·

285 2133 358 2209 trum
366 2144 385 2183 a
392 2124 521 2204 principe
535 2108 610 2204 pede
621 2144 726 2185 nomen
739 2126 840 2185 habet:
852 2126 902 2204 qni
912 2143 931 2184 a
942 2124 1078 2185 conviciis
1086 2124 1250 2204 appellatus
1256 2122 1322 2194 fuit,

284 2240 315 2287 ut
323 2229 420 2307 placet
432 2231 580 2291 Aristoteli
592 2254 599 2292 :
613 2250 736 2309 cumque
746 2231 783 2290 sit
799 2230 925 2291 maxime
945 2230 1121 2290 conveniens
1143 2229 1322 2289 sennonibus

245 2321 257 2343 ⁶
284 2340 363 2406 (nam
381 2335 501 2395 fortuito
515 2336 779 2416 etiamloquentes,
796 2336 910 2415 jambos
931 2337 1050 2397 crebros
1061 2334 1246 2415 proferimus)

441 2468 524 2525 Hunc
539 2468 610 2525 socci
619 2488 709 2545 cepere
717 2470 819 2544 peden,
829 2468 998 2545 grandesque
1008 2466 1140 2537 cothurni,

442 2574 563 2631 Alternis
576 2582 668 2649 apiani
678 2574 848 2641 sermonibus,
859 2581 885 2629 rt
903 2574 1044 2649 populares
1092 2572 1099 2589 ‘

450 2677 603 2737 Vincentem
616 2678 755 2753 strepitus,
771 2687 798 2735 et
812 2686 904 2753 aptum
917 2678 994 2733 redas
1008 2676 1133 2751 agundis·

279 2839 312 2886 ut
323 2826 362 2886 ait
372 2821 522 2884 Horatius.
542 2821 612 2880 Hoc
626 2837 743 2878 carmen
757 2839 823 2879 oum
841 2835 945 2896 purum
959 2826 1005 2874 est
1019 2827 1050 2874 et
1061 2815 1218 2892 integrum,
1231 2812 1324 2878 onini-

280 2934 333 2992 bns
346 2929 377 2990 in
390 2927 460 2988 locis
470 2927 584 3003 jambos
598 2925 705 2984 babet:
722 2935 754 2983 ut
763 2923 841 3002 apud
856 2921 1014 2991 Catullum,

523 3043 653 3102 Pdaseius
666 3041 711 3100 iile
721 3059 795 3117 quem
809 3041 908 3100 uidetis
920 3041 1037 3116 hospites
1081 3096 1083 3099 .

519 3145 570 3204 Ait
578 3147 672 3227 fuisse
684 3147 791 3204 riarium
802 3146 963 3204 celerrimas.

281 3269 320 3328 Et
335 3267 500 3338 Horatium,

557 3383 660 3442 Beatus
674 3383 715 3440 ille
728 3383 773 3458 qui
783 3383 881 3458 procul
892 3380 1014 3459 negotiis.
1111 3449 1114 3456 Ι

280 3528 345 3592 Quo
359 3535 455 3598 autern
470 3525 586 3603 gravius
596 3525 683 3604 paulo
694 3524 722 3582 in
737 3523 875 3582 tarditate
893 3520 1067 3600 procederet
1074 3507 1200 3604 jambus,

438 3641 573 3716 spondeos
588 3641 695 3698 stabiles
709 3642 813 3716 injure
833 3648 948 3715 paterna
961 3638 1061 3714 recepit

440 3743 595 3803 Cornmodas
607 3751 635 3800 et
645 3745 761 3820 patiens,
775 3764 827 3802 arra
840 3753 869 3800 ut
884 3746 916 3801 de
928 3745 988 3800 sede
1000 3744 1118 3804 secuda
1190 3749 1198 3758 '

439 3847 549 3906 Cederet
560 3857 607 3908 aut
622 3858 719 3926 quarta
732 3848 957 3908 rninlirer.---

281 3992 339 4052 Sed
350 4009 444 4070 neque
458 3990 561 4070 tragici
574 3990 640 4062 boc,
654 3990 682 4048 in
694 3989 791 4084 primis
802 3987 908 4058 Latini,
921 3997 1081 4062 servarunt,
1095 3947 1247 4072 eticomici'
1259 3996 1320 4048 om*

276 4096 359 4156 nibus
369 4097 398 4154 in
408 4096 480 4156 locis
495 4095 677 4156 collocarunt
687 4095 777 4175 pedes
790 4095 852 4153 sine
863 4092 1037 4162 discrimine,
1051 4089 1199 4176 quinqua:¹
1214 4090 1316 4172 dacty-

279 4201 348 4272 lurn,
362 4212 551 4280 anapaestum,
568 4199 745 4280 tribrachyn,
766 4198 935 4278 spondeum,
946 4199 1095 4275 jambam:
1161 4191 1166 4221 ³

437 4329 545 4406 Syllaba
566 4330 645 4407 longa
659 4331 732 4388 breui
745 4331 866 4408 sulip'eeta
879 4329 1117 4406 oocotmjamius.

279 4481 361 4555 Deos,
373 4483 568 4565 ctionseroe,
582 4503 648 4562 quaa
658 4484 683 4547 si
693 4486 785 4546 ambas
797 4484 902 4544 breves
911 4481 979 4557 sint,
990 4480 1156 4564 Pyrriobius
1165 4479 1191 4543 is
1200 4500 1253 4563 pes
1264 4499 1320 4574 so·-

279 4597 376 4648 satur:
397 4590 464 4670 iege,
477 4589 545 4662 iere,
559 4607 654 4668 grave.
